2918 4868
626 273 858 338 -178-

498 456 526 513 5.
551 450 608 510 Uni
630 449 761 522 trinoque
783 449 906 508 Domino

552 535 596 595 Sit
617 535 794 609 sempiterna
815 534 915 607 gloria,

550 621 604 694 Qui
628 621 763 692 caliganti
786 620 900 679 saeculo

552 707 632 765 Haec
655 705 723 764 bina
745 705 827 764 dedit
848 705 964 766 lumina.

196 827 446 944 lgggv'ssffigmem
469 828 531 892 imp.
551 825 777 891 Caesaraugustae
803 821 875 875 1547.
895 826 925 874 Α.
947 852 977 859 -
1001 826 1077 875 Brev.
1096 824 1240 875 lllerdense
1258 823 1320 887 imp.

136 909 176 945 ea.
263 932 269 943 .
312 929 318 943 .

527 1059 588 1118 tet.
619 1059 658 1117 lle
675 1060 774 1117 saneto
791 1058 927 1117 inachim.

642 1182 686 1236 Ad
704 1181 819 1237 Laudes

144 1307 171 1364 1.
194 1305 332 1363 Laetetur
354 1305 426 1364 coeli
450 1307 529 1364 curia
760 1310 789 1370 3.
814 1307 887 1365 Nnm
909 1307 967 1364 illis
989 1307 1055 1365 dum
1078 1307 1269 1380 impendimus

193 1391 264 1451 Cum
288 1391 443 1451 benedicta
464 1392 575 1465 virgine
810 1393 936 1451 Honoris
956 1393 1154 1464 reverentiam,

192 1477 271 1549 Quae
293 1482 387 1535 ortnm
410 1478 500 1535 traxit
522 1477 648 1536 lucidum
812 1479 952 1538 Devotam
975 1478 1000 1535 ei
1023 1477 1170 1536 reddimus

195 1561 350 1622 Praeclara
372 1579 407 1620 ex
429 1563 575 1636 progenie.
811 1564 850 1622 Et
873 1570 940 1622 nato
963 1564 1025 1636 eJus
1043 1563 1175 1637 gretiam.

143 1667 172 1724 2.
195 1664 250 1737 Qui
272 1669 354 1738 optat
375 1671 490 1724 sauctae
512 1665 631 1739 virginis
759 1669 792 1726 4.
814 1667 871 1726 Uni
894 1666 1025 1739 trinoque
1047 1666 1170 1725 Domino

194 1751 297 1811 Juvari
318 1750 375 1823 piis
398 1750 541 1824 precibus,
813 1752 856 1810 Sit
879 1751 1054 1824 sempiterna
1075 1751 1176 1824 gloria,

195 1836 322 1894 Devotus
345 1835 384 1893 sit
406 1837 561 1895 carissimis
811 1837 865 1910 Qui
888 1837 1022 1910 caliganti
1044 1837 1159 1895 saeculo

196 1920 278 1979 Illius
299 1921 484 1993 genitoribus,
811 1923 891 1981 Haec
914 1922 981 1981 bina
1004 1922 1084 1980 dedit
1106 1923 1221 1981 lumina.

202 2041 289 2159 Ιὲἓὲν.
296 2039 452 2159 l{igeneuse
477 2041 539 2105 imp.
558 2040 786 2106 Caesaraugustae
798 2044 801 2051 '
812 2037 885 2090 1547.
904 2041 935 2089 A.
954 2069 985 2076 -
1004 2040 1078 2091 Brev.
1099 2037 1242 2091 illerdensc
1260 2043 1322 2106 imp.

142 2123 180 2158 ca.
269 2143 276 2156 .
321 2143 327 2156 .

531 2273 594 2332 305.
630 2274 669 2332 lle
687 2275 784 2331 saneto
802 2271 937 2330 Joaehim.

602 2396 632 2450 In
650 2395 730 2465 Vesp.
749 2402 776 2451 et
793 2395 871 2450 Noct.

147 2522 173 2579 1.
198 2519 324 2579 Felicem
346 2527 453 2579 sortem
476 2522 602 2579 canimus
763 2525 792 2583 3.
815 2522 928 2579 Annam
952 2521 1032 2579 ducis
1054 2521 1084 2579 in
1107 2523 1254 2596 conjugem

199 2604 267 2665 Tibi
289 2606 422 2666 collatam
447 2607 572 2680 desuper
815 2607 861 2665 Ex
883 2608 1064 2666 sacerdotum
1085 2608 1221 2681 germine,

197 2689 345 2766 Simulque
366 2707 467 2764 preces
490 2689 644 2765 fundimus,
814 2693 854 2752 Ut
877 2698 1022 2750 texeretur
1044 2694 1133 2754 series

200 2779 223 2836 0
246 2776 411 2850 patriarcha
432 2777 574 2840 Joaehim.
816 2777 923 2837 Christi
946 2779 1078 2850 promissi
1100 2780 1222 2852 generis.

145 2881 174 2938 2.
198 2880 244 2939 De
265 2881 357 2954 stirpe
380 2886 411 2937 tn
433 2879 576 2941 Dauidica
762 2883 791 2941 4.
814 2880 859 2938 Ex
881 2879 934 2939 tali
956 2896 1023 2955 ergo
1046 2881 1165 2940 coelitus

200 2967 310 3040 Regum
331 2965 422 3025 trahis
445 2965 592 3040 originem,
815 2968 925 3027 Horum
948 2982 1030 3024 sacro
1052 2967 1193 3027 connubio

202 3051 358 3112 Promissio
380 3051 550 3124 prophetica
816 3052 904 3125 Virgo
927 3050 997 3110 felix
1020 3058 1120 3111 exorte
1142 3061 1195 3131 est,

201 3138 240 3198 Ut
263 3136 352 3195 ferret
375 3154 455 3195 sunm
479 3136 618 3197 ordinem.
817 3137 914 3196 Maria
935 3138 990 3195 Ilei
1013 3138 1146 3211 genitrix.

496 3245 525 3302 5.
547 3242 634 3313 Laus,
658 3241 758 3312 honor,
781 3240 882 3312 virtus,
904 3240 996 3313 gloria

548 3326 610 3386 Deo
629 3326 706 3400 patri
728 3342 792 3384 cnm
814 3324 883 3397 filio,

548 3412 654 3472 Sancto
676 3410 760 3469 simul
782 3411 922 3484 paraclito

547 3498 580 3556 In
603 3498 779 3570 sempiterna
800 3497 922 3555 saecula.

214 3617 291 3665 Brea.
309 3617 479 3665 Valentinum
507 3619 568 3681 imp.
587 3617 700 3681 Neapoli
723 3612 796 3665 1489.
814 3615 845 3664 Α.
871 3643 897 3649 -
919 3617 995 3665 Brea
1014 3616 1174 3681 Segovieuse
1193 3616 1253 3678 imp.
1273 3616 1325 3663 Va·

145 3683 242 3734 lisoleti
265 3681 337 3735 1527.
362 3685 391 3733 ll.
415 3714 446 3720 -
472 3687 547 3734 Brov.
567 3687 680 3734 Viennae
703 3687 764 3748 imp.
783 3684 906 3749 Lugduni
930 3681 1003 3734 1557.
1022 3685 1051 3732 c,
1076 3714 1100 3719 —
1122 3685 1198 3734 Brev.
1217 3682 1279 3732 Ord.
1298 3684 1324 3733 S.

145 3753 247 3803 Mariae
264 3753 297 3803 de
314 3753 435 3804 Mercede
453 3755 515 3819 imp.
534 3753 657 3818 Lugduni
678 3750 751 3804 1560.
770 3754 802 3802 D.

536 3917 595 3977 306.
632 3918 786 3980 lle‘saueto
804 3916 940 3975 Joaehinr.

647 4040 690 4094 Ad
707 4041 821 4095 Laudes.

148 4167 174 4224 1.
199 4164 318 4223 Beatum
341 4180 408 4239 ergo
431 4163 581 4223 concinant
763 4170 791 4227 2.
815 4166 895 4224 Haec
916 4181 1036 4238 namque
1059 4163 1141 4223 nohis
1164 4165 1283 4238 protulit

202 4250 305 4311 Cuncti
327 4248 428 4308 fideles
450 4251 580 4310 Jonchim
816 4253 952 4310 Fructum
976 4250 1077 4308 salutis
1099 4251 1230 4323 perditis,

192 4336 331 4408 'Eumque
353 4336 466 4408 hymnis
490 4335 617 4409 efferant,
815 4337 868 4409 Qui
891 4337 966 4394 viam
989 4335 1064 4394 vitae
1086 4352 1217 4394 reserans

200 4421 253 4495 Qui
276 4421 362 4481 talem
384 4423 495 4495 prolem
517 4421 623 4495 genuit.
816 4422 937 4481 Nostros
957 4426 1052 4480 reatus
1074 4421 1202 4481 abstulit.
