2918 4868
589 260 821 325 -230-

363 435 413 493 22.
438 432 562 490 Nuntius
583 433 660 492 alma
682 434 772 494 refert
794 435 907 495 Mariae

442 517 564 577 Femina
585 519 705 577 coelitus
729 535 764 577 en
787 519 917 594 Gabriel,

439 603 522 675 Quod
544 603 696 662 Dominum
720 602 796 664 ierat
817 606 967 679 Emsnuel,

438 688 502 747 Hoc
524 690 738 763 paranymphus
760 696 881 750 ovanter
902 693 952 765 uit,

438 774 518 833 llaec
540 775 670 847 paritura
690 775 784 835 Deum
805 777 917 841 tumuit.

366 945 417 1006 23.
442 944 528 1004 Certa
549 945 627 1004 sulus
648 946 780 1020 Raphsel
801 947 923 1021 miseris,

437 1029 503 1088 Dux
525 1030 675 1104 sociusque
696 1033 795 1092 valeus
817 1034 945 1107 peregris

439 1113 577 1189 Duosque
598 1117 726 1176 remedia
747 1132 861 1191 semper
882 1119 976 1193 aegris

439 1200 510 1259 Fert
532 1201 581 1274 pia
602 1202 733 1261 tristibus
755 1203 864 1263 auxilia

441 1285 528 1344 Pellit
549 1292 579 1344 et
600 1287 719 1347 horrida
740 1290 905 1363 praestigia.

367 1458 417 1518 24.
441 1455 465 1515 0
487 1455 535 1529 pio
558 1461 653 1515 rector
673 1457 711 1516 ab
733 1473 800 1517 arce
822 1467 923 1533 potens

438 1540 551 1615 Excipe
574 1541 701 1602 carmina
721 1549 821 1603 nostra
840 1545 942 1621 libens,

439 1625 518 1698 Quae
540 1626 594 1685 tibi
616 1627 702 1687 turba
722 1626 817 1688 fidelis
840 1647 928 1689 ovans

440 1711 589 1771 Laudibus
610 1712 722 1772 intonat
744 1714 916 1788 almiphonis

442 1796 565 1857 Subdita
585 1798 720 1873 vultibus,
744 1815 819 1878 ecoe,
842 1801 908 1860 tuis.

367 1969 417 2028 25.
440 1966 518 2038 Quae
540 1967 692 2028 Michaelis
713 1968 821 2029 honore
844 1969 919 2028 diem

439 2051 523 2111 Nunc
544 2060 664 2128 peragat
685 2051 814 2113 referens
836 2055 977 2114 celebrem

441 2138 565 2211 Agmina
587 2139 664 2213 regis
685 2144 715 2197 et
736 2139 863 2199 aetherei

442 2223 649 2284 Pervolitantia
670 2240 759 2299 regns
779 2225 839 2300 poli

441 2309 558 2368 Plaudit
579 2315 609 2368 et
629 2310 741 2370 intonat
762 2311 829 2371 aula
851 2310 915 2371 Dei.

368 2481 419 2542 26.
442 2478 466 2538 0
488 2479 626 2553 Michael,
649 2480 736 2540 decus
759 2497 842 2541 omne
863 2482 929 2554 tuis,

440 2567 552 2626 Ductor
573 2570 603 2624 et
623 2565 733 2625 ordinis
754 2567 886 2641 angelici,

441 2650 528 2723 Regis
551 2655 579 2708 et
600 2650 726 2725 armiger
747 2652 885 2722 aetherei,

441 2734 569 2808 Suscipe,
592 2752 665 2809 quae
685 2742 736 2796 tua
756 2736 839 2811 plebs
861 2737 946 2797 hodie

442 2820 561 2880 Cantica
582 2828 726 2894 pertonat,
749 2839 767 2881 o
788 2822 880 2897 hagie.

369 2992 419 3052 27.
445 2990 507 3048 llas
527 2991 627 3064 epulas
644 2990 693 3064 pie
714 2990 862 3051 sanctifica

440 3075 549 3135 Mentis
574 3082 604 3135 et
623 3076 723 3135 intima
744 3075 875 3155 purifica,

443 3161 571 3234 Corpora
592 3162 736 3235 cordaque
758 3162 893 3235 clarifica,

442 3247 596 3307 Daemonis
619 3246 710 3307 obrua
731 3248 854 3308 colluvia

442 3332 546 3391 Daudo
567 3333 624 3392 tuis
643 3332 693 3406 pia
714 3331 857 3408 suffragia.

371 3505 422 3566 28.
445 3504 579 3582 Respice,
602 3520 675 3579 quae
695 3503 749 3562 tibi
772 3503 937 3583 deserimus,

442 3590 580 3663 Adspice,
604 3589 680 3665 quod
702 3589 823 3648 humiles
845 3592 978 3671 petimus,

443 3674 567 3751 Inspice,
589 3690 662 3748 quae
683 3675 736 3734 tihi
759 3677 942 3749 concinimus,

443 3760 567 3833 Respice
587 3777 651 3833 nos,
673 3760 741 3834 quia
762 3769 791 3821 te
813 3762 951 3840 cauimus,

441 3845 581 3919 Conspice
601 3862 664 3919 nos,
685 3846 760 3904 deut
781 3847 950 3920 expetimus.

369 4018 419 4076 29.
442 4015 552 4089 Dlsjioe
573 4016 754 4090 ponderato
775 4016 924 4091 scelerum,

443 4101 578 4162 Criminis
600 4103 664 4160 elue
686 4100 848 4173 discidium,

445 4187 524 4245 Pelle
544 4187 716 4261 paventibus
738 4186 890 4260 excidium,

445 4272 534 4332 Ferto
556 4272 720 4346 petentibus
742 4272 880 4331 auxilium

443 4358 532 4431 Dans,
556 4364 640 4432 pater
658 4358 775 4435 optime,
798 4358 966 4420 subsidium.
