2918 4868
634 283 845 347 „43-

137 461 171 520 9.
196 458 301 518 Mittas
322 456 408 517 nobie
429 457 565 517 auxilium
766 459 815 520 10.
840 457 1002 515 Thesauros
1024 465 1088 516 tuos
1110 459 1191 531 aperi

198 548 295 616 Atque
317 550 431 615 tempus
453 543 590 616 irriguum
839 543 879 600 Et
899 543 1020 601 coelicas
1043 550 1211 615 cataractas,

840 627 886 686 Da
905 628 1027 686 imbrem
1048 635 1097 687 tuo
1119 630 1199 702 operi

843 712 888 771 Ne
910 714 1031 788 populos
1054 720 1171 773 atteras.

440 835 491 894 11.
508 832 609 891 Gloria
629 833 668 891 sit
693 834 826 905 creatori,

508 918 562 990 Qui
584 919 713 977 crebram
734 918 805 977 fluat
825 918 964 991 pluriam,

509 1003 551 1064 Ut
571 1021 642 1077 opus
664 1005 764 1063 credat
785 1005 876 1063 actori

511 1089 696 1163 Laudemque
719 1091 768 1149 det
789 1091 967 1163 plasmatori.

216 1209 292 1257 Brev.
312 1207 470 1274 Urgellenae
488 1208 551 1271 imp.
570 1208 689 1256 Venetiis
709 1203 783 1258 1487.
803 1234 836 1244 -
857 1203 886 1267 3,
904 1203 921 1256 4
940 1222 1018 1271 aqua.
1036 1233 1070 1243 -
1088 1204 1118 1267 6,
1137 1202 1154 1256 3
1171 1207 1274 1256 Pluvia.
1295 1232 1326 1242 -

143 1273 175 1333 7,
202 1273 221 1326 3
245 1278 357 1341 arganza
382 1281 408 1326 te
433 1273 560 1325 erexisti?
577 1303 612 1311 -—
632 1272 675 1334 10,
699 1272 907 1326 arcamarcaa.
926 1277 1098 1326 characteres.
1117 1301 1151 1309 -
1171 1272 1217 1335 10,
1241 1273 1257 1324 4
1277 1276 1327 1325 lios

141 1346 240 1409 Neque
262 1344 394 1409 populos?
415 1369 449 1378 -
472 1345 528 1394 Das
552 1359 586 1393 an
608 1343 700 1394 letatur
724 1344 806 1394 Stella
828 1360 890 1393 vom
913 1347 1023 1409 rorigeri
1048 1345 1169 1409 Hymnus
1188 1344 1326 1393 Bamerlrte

142 1411 233 1462 ddrste
251 1413 320 1463 auch
337 1428 393 1463 101
409 1412 508 1463 diesem
521 1412 603 1462 Liada
614 1413 730 1478 Geltung
748 1413 840 1475 haben,
860 1429 903 1461 um
922 1430 951 1461 so
970 1414 1052 1474 mehr,
1070 1414 1110 1464 als
1123 1414 1170 1464 das
1182 1412 1326 1464 Gothisclre

142 1483 256 1533 Brevier
273 1482 346 1532 reich
364 1483 452 1531 istan
471 1482 594 1545 Hymuen
612 1481 654 1531 1111
671 1480 794 1531 ahnliche
812 1481 931 1530 Aulasae.

532 1695 575 1753 33.
610 1696 649 1752 lle
667 1695 849 1769 conceptione
868 1696 946 1754 BllV.

638 1849 681 1903 nd
698 1849 839 1919 vesperas.

144 2011 236 2073 1.1n
260 2010 402 2084 virginum
425 2010 535 2068 rosario
764 2010 1122 2083 4.Ange1rcuminitium

200 2096 288 2155 Viola
308 2112 400 2169 parva
421 2097 522 2168 oritur,
817 2094 934 2153 Nullum
956 2097 1049 2154 scelus
1073 2100 1253 2176 compatitur,

200 2181 282 2252 Quae
304 2183 380 2240 dono
400 2179 558 2239 multifario
816 2180 843 2239 Δ
867 2179 981 2239 fortiori
1002 2182 1103 2240 vitium

202 2267 267 2325 Nec
287 2274 351 2325 aret
371 2282 463 2339 neque
485 2267 615 2330 moritur.
818 2267 852 2325 ln
874 2273 965 2324 matre
987 2283 1045 2325 non
1068 2269 1222 2343 colligitur.

146 2391 178 2448 2.
203 2387 303 2447 Pictor
325 2403 410 2446 verus
431 2386 586 2460 imaginum
766 2387 794 2445 5.
818 2386 922 2443 lnnata
945 2385 1027 2443 nobis
1047 2386 1117 2444 vitia

202 2473 287 2531 Hanc
308 2473 402 2545 pinxit
423 2472 616 2546 singulariter,
818 2471 898 2529 Evae
920 2473 1010 2528 nescit
1032 2472 1228 2545 primordium,

206 2558 297 2630 Quam
320 2558 400 2616 nulla
421 2559 467 2616 lex
491 2559 678 2633 propaginum
819 2557 973 2617 Contracta
994 2574 1057 2614 cum
1079 2556 1187 2630 flagitia

200 2643 346 2703 Foedarit
367 2644 549 2716 generaliter,
818 2642 955 2700 Nostrum
978 2644 1101 2715 sumpsit
1123 2645 1281 2706 exordium.

148 2765 179 2825 8.
198 2761 375 2821 Formalitas
398 2762 517 2836 originis
766 2766 796 2823 6.
819 2762 973 2820 Tollantur
995 2763 1118 2821 venialia

200 2847 380 2922 Angelicalis
402 2849 522 2920 spiritus
816 2850 844 2906 A
867 2855 959 2906 matre
980 2864 1062 2906 sacro
1086 2850 1226 2927 dogmate,

201 2936 329 3006 Aptatur
350 2934 436 2991 matri
458 2933 573 3006 virgini,
816 2934 895 3008 Ergo
917 2934 1069 3006 originalia

201 3019 349 3090 Quantum
366 3020 405 3077 ad
428 3034 490 3076 esse
511 3020 654 3092 primitus.
819 3020 884 3077 Non
906 3029 972 3077 sunt
993 3020 1023 3077 in
1046 3021 1107 3092 ejus
1130 3021 1282 3080 schemate.

510 3140 538 3198 7.
562 3139 677 3196 Patrem
700 3138 817 3211 superni
839 3138 963 3195 aetheris

561 3223 617 3281 l’cr
638 3230 736 3281 natum
759 3223 859 3281 matris
882 3223 972 3281 filium

562 3309 723 3382 Precemur,
750 3309 824 3368 dono
847 3306 972 3366 foederis

494 3442 499 3447 .
561 3395 601 3454 Ut
622 3395 705 3453 nobis
728 3396 777 3453 det
797 3394 944 3454 auxilium.

215 3515 292 3564 11101.
310 3512 373 3562 Ord.
393 3513 581 3562 Immaculatae
600 3513 788 3578 conceptionis
806 3514 867 3576 imp.
886 3511 1018 3577 Compluti
1040 3510 1113 3563 1551.
1132 3542 1165 3549 -
1187 3511 1213 3572 l,
1241 3513 1252 3563 l
1274 3515 1328 3562 vir·

142 3584 242 3648 giuem.
260 3610 294 3618 —
312 3578 337 3644 6,
356 3576 373 3631 3
391 3581 447 3645 ejus
466 3582 597 3633 scismate.

530 3799 575 3855 al.
610 3800 649 3856 lle
667 3798 850 3873 conceptione
869 3799 948 3856 BllV.

623 3955 666 4009 Ad
682 3955 854 4011 Nocturnum.

142 4121 173 4182 1.
198 4116 317 4178 Candor
342 4115 453 4175 aeterni
474 4113 597 4174 flaminis
765 4121 794 4178 2.
817 4116 913 4176 Status
936 4115 1066 4175 iacturae
1089 4115 1185 4174 labilis

199 4202 353 4261 Lustrarit
376 4201 449 4261 hanc
470 4200 650 4279 stelliferum,
817 4203 881 4260 Duo
904 4204 993 4260 traxit
1012 4203 1165 4277 principia,

195 4289 278 4361 Quae
300 4287 368 4345 talis
389 4294 456 4345 ortu
479 4288 615 4361 germinis
816 4289 894 4360 Quae
917 4289 942 4345 si
965 4286 1042 4346 foret
1065 4287 1216 4358 durabilis,

196 4374 338 4435 Narmam
361 4371 449 4445 fregit
469 4371 647 4444 pestiferam.
818 4372 908 4432 Nulla
930 4380 1025 4431 essent
1048 4375 1199 4446 mancipia.
