2918 4868
602 294 837 358 -263-

139 469 167 527 3.
191 467 284 540 Huius
311 474 456 525 crescente
479 483 598 541 corpore
753 471 782 530 5.
806 470 886 527 Auro
909 466 1021 541 fulgens
1044 468 1178 539 exterius,

192 553 305 612 Decens
327 553 462 612 laudatur
484 553 637 630 quantitas,
807 555 841 613 In
863 569 950 613 carne
969 568 1081 611 crucem
1103 552 1243 625 baiulans,

193 638 347 698 Crescebat
369 639 431 697 sine
451 645 580 712 tempore
805 639 921 699 Christo
942 639 1038 712 placet
1059 639 1189 712 interius,

191 724 317 797 Tempus
339 741 396 783 non
418 740 539 798 sequens
562 723 678 785 caritas.
805 724 900 783 Bonos
922 725 952 782 in
974 724 1057 783 bonis
1079 725 1234 784 aemulans.

139 882 168 939 4.
193 878 358 936 Intellectus
381 878 535 954 subtilitas,
751 879 781 938 6.
803 878 884 951 Quod
908 878 1000 951 patuit
1022 878 1052 936 in
1073 883 1220 950 posterum

191 964 287 1022 Decor
309 964 552 1037 incomparabilis,
804 965 861 1023 Per
883 965 944 1035 ojus
967 962 1045 1050 iacta
1066 963 1187 1038 singula,

192 1050 225 1107 ln
248 1051 302 1107 hac
323 1056 439 1108 sensata
461 1049 596 1122 gravitas,
804 1051 865 1108 lter
887 1049 1014 1108 ostendit
1034 1065 1205 1123 prosperum

194 1134 294 1194 Sermo
316 1135 407 1194 dulcis
430 1140 460 1193 et
480 1134 603 1195 stabilis.
806 1137 901 1208 Atque
923 1134 1047 1192 bibentis
1069 1135 1181 1208 pocula.

502 1275 530 1336 7.
553 1272 670 1332 Clarum
691 1277 842 1344 praestans
864 1288 899 1330 ex
922 1272 1028 1351 nubilo,

447 1403 451 1411 .
549 1358 628 1435 Jesu,
652 1373 804 1431 precamur
825 1358 978 1433 supplices,

549 1443 663 1503 Laudes
687 1442 787 1502 dantes
810 1459 873 1501 cum
893 1443 987 1516 jubilo

551 1530 583 1588 ln
605 1528 687 1587 bonis
707 1545 758 1586 nos
780 1529 963 1603 multiplices.

206 1669 282 1717 Brcv.
301 1667 445 1733 Sigenense
469 1666 532 1731 imp.
551 1666 776 1731 Caesaraugustae
797 1663 870 1715 1547.
890 1691 923 1700 -
944 1662 966 1725 l,
988 1661 1186 1718 alamanniae.
1205 1691 1238 1701 -
1255 1662 1280 1729 3,
1300 1663 1314 1716 l

139 1743 273 1787 crescente
291 1740 415 1801 tompore.
434 1763 467 1772 -
485 1732 509 1796 7,
527 1731 544 1784 2
562 1735 663 1785 Jcsum.

535 1999 597 2058 460.
635 2001 673 2057 bc
691 2001 791 2058 sancta
808 2001 920 2059 Ursulo.

609 2156 653 2211 Ad
671 2156 842 2212 Nocturnum.

141 2323 170 2383 1.
194 2322 227 2380 Iu
250 2321 316 2379 aula
338 2319 429 2393 patris
452 2317 549 2389 ntique
755 2322 785 2379 4.
809 2317 872 2375 Nec
893 2334 973 2376 mora
994 2335 1115 2392 sponsus
1138 2316 1259 2392 perlicit,

191 2407 313 2465 Manem
336 2404 414 2465 fatur
439 2402 564 2472 subtilia,
806 2403 952 2477 Quidquid
974 2404 1095 2478 injungit
1117 2403 1233 2475 Ursula,

195 2493 285 2551 Fama
307 2492 440 2565 vulgatur
461 2489 588 2560 undique
808 2490 929 2548 Tractus
952 2506 1048 2548 amore
1069 2488 1185 2563 proficit

193 2578 237 2637 Dc
258 2584 339 2636 tanta
359 2577 434 2651 regis
457 2575 527 2634 iilia
809 2576 890 2634 Vana
914 2583 1097 2634 contemnens
1118 2575 1206 2638 idola.

140 2735 169 2794 2.
193 2733 294 2792 Pulsat
316 2733 442 2806 puellam
465 2727 599 2803 precibus
755 2734 783 2793 5.
804 2732 870 2792 Jam
893 2730 1078 2805 conglobatas
1099 2730 1210 2803 pariter

194 2819 263 2878 Alto
286 2817 400 2875 functus
423 2815 543 2875 consilio
808 2816 940 2890 Virgines
963 2817 1025 2875 Deo
1048 2815 1172 2894 dedicat,

194 2905 264 2963 Cum
286 2903 410 2975 satrapis
433 2907 462 2959 et
485 2898 604 2959 ducibus
807 2902 919 2960 Dehinc
939 2901 1088 2960 credentes
1110 2899 1233 2959 tirmiter

193 2990 255 3049 Rex
277 2989 400 3063 Angliae
422 3004 476 3061 pro
496 2984 564 3044 filio.
806 2987 871 3046 Pati
893 3005 946 3061 pro
969 2987 1083 3046 Christo
1105 2986 1264 3060 praedicat.

141 3149 169 3206 3.
194 3145 299 3204 Sancta
318 3144 412 3217 poscit
433 3143 572 3215 inducias,
755 3145 783 3202 6.
808 3142 924 3202 Clarum
947 3146 1151 3214 praestanter
1174 3140 1281 3212 nubilo,

194 3230 335 3303 Sponsum
358 3229 450 3288 lavari
472 3226 595 3300 flumina,
806 3230 876 3288 Jesu
899 3242 1051 3300 precamur
1072 3227 1227 3300 supplices,

195 3317 295 3375 Plures
317 3317 437 3388 pudicas
460 3314 553 3371 socias
808 3313 921 3372 landes
944 3313 1044 3370 dantes
1068 3327 1131 3369 cnm
1150 3311 1243 3385 jubilo

194 3401 299 3460 Sancto
321 3402 450 3475 spirante
471 3399 593 3463 flamine.
808 3400 841 3458 ln
866 3399 947 3456 bonis
970 3414 1021 3456 nos
1046 3398 1228 3470 multiplices.

212 3540 287 3588 Brev.
305 3539 448 3604 Sigenensc
466 3529 774 3603 imp.·()aesuraugustac
793 3532 867 3584 1547.

541 3819 597 3878 dol.
634 3820 673 3877 lte
692 3821 792 3877 nancta
808 3819 920 3877 Ursulo.

647 3975 690 4030 Ad
706 3974 820 4031 Laudes.

143 4143 170 4203 1.
197 4143 312 4200 latrans
333 4141 451 4199 Manms
478 4139 615 4212 palatium
755 4139 782 4195 2.
807 4136 853 4195 Sis
876 4135 1037 4208 exemplum
1059 4132 1226 4202 munditiae,

194 4228 276 4286 Dixit
298 4227 425 4286 salutans
447 4225 550 4284 filiam:
806 4224 840 4282 ln
862 4227 891 4279 te
913 4222 953 4278 sit
974 4220 1065 4278 omnis
1087 4219 1207 4294 puritas,

196 4313 289 4387 Nunc,
313 4314 434 4385 patrium
459 4308 600 4381 solatium,
806 4309 930 4381 Propter
951 4307 1041 4380 legem
1061 4304 1190 4377 justitiae

198 4398 357 4471 Transibis,
380 4398 444 4475 heu,
467 4397 496 4454 iu
519 4394 653 4453 Galliam.
808 4393 873 4451 Non
895 4392 1033 4451 moriatur
1053 4391 1157 4464 pietas.
