<?xml version="1.0" encoding="UTF-8"?>
<!DOCTYPE html PUBLIC "-//W3C//DTD XHTML 1.0 Transitional//EN"
    "http://www.w3.org/TR/xhtml1/DTD/xhtml1-transitional.dtd">
<html xmlns="http://www.w3.org/1999/xhtml" xml:lang="en" lang="en">
 <head>
  <title>
</title>
<meta http-equiv="Content-Type" content="text/html;charset=utf-8" />
  <meta name='ocr-system' content='tesseract 3.04.00' />
  <meta name='ocr-capabilities' content='ocr_page ocr_carea ocr_par ocr_line ocrx_word'/>
</head>
<body>
  <div class='ocr_page' id='page_1' title='image "./hymnodiahiberic00drevgoog_0453.png"; bbox 0 0 2918 4868; ppageno 0'>
   <div class='ocr_carea' id='block_1_1' title="bbox 138 426 504 831">
    <p class='ocr_par' dir='ltr' id='par_1_1' title="bbox 138 426 504 831">
     <span class='ocr_line' id='line_1_1' title="bbox 138 426 412 491; baseline -0.004 -6"><span class='ocrx_word' id='word_1_1' title='bbox 138 429 174 491; x_wconf 85' lang='lat' dir='ltr'><strong>V.</strong></span> <span class='ocrx_word' id='word_1_2' title='bbox 203 426 247 486; x_wconf 85' lang='lat' dir='ltr'><strong>Tu</strong></span> <span class='ocrx_word' id='word_1_3' title='bbox 268 426 412 486; x_wconf 79' lang='lat' dir='ltr'><strong>Marinum</strong></span> 
     </span>
     <span class='ocr_line' id='line_1_2' title="bbox 242 511 504 586; baseline 0.004 -17"><span class='ocrx_word' id='word_1_4' title='bbox 242 511 336 572; x_wconf 88' lang='lat' dir='ltr'><strong>crucis</strong></span> <span class='ocrx_word' id='word_1_5' title='bbox 357 511 504 586; x_wconf 75' lang='lat' dir='ltr'><strong>signaculo</strong></span> 
     </span>
     <span class='ocr_line' id='line_1_3' title="bbox 200 597 407 671; baseline -0.014 -13"><span class='ocrx_word' id='word_1_6' title='bbox 200 597 246 658; x_wconf 89' lang='lat' dir='ltr'><strong>De</strong></span> <span class='ocrx_word' id='word_1_7' title='bbox 266 597 407 671; x_wconf 86' lang='lat' dir='ltr'><strong>serpentis</strong></span> 
     </span>
     <span class='ocr_line' id='line_1_4' title="bbox 239 681 491 756; baseline -0.016 -12"><span class='ocrx_word' id='word_1_8' title='bbox 239 685 334 745; x_wconf 81' lang='lat' dir='ltr'><strong>rivam</strong></span> <span class='ocrx_word' id='word_1_9' title='bbox 355 681 491 756; x_wconf 79' lang='lat' dir='ltr'><strong>voragine</strong></span> 
     </span>
     <span class='ocr_line' id='line_1_5' title="bbox 240 769 386 831; baseline 0.007 -1"><span class='ocrx_word' id='word_1_10' title='bbox 240 769 386 831; x_wconf 81' lang='lat' dir='ltr'><strong>Eduxisti</strong></span> 
     </span>
    </p>
   </div>
   <div class='ocr_carea' id='block_1_2' title="bbox 154 973 583 1271">
    <p class='ocr_par' dir='ltr' id='par_1_2' title="bbox 154 973 583 1271">
     <span class='ocr_line' id='line_1_6' title="bbox 258 973 583 1036; baseline -0.015 0"><span class='ocrx_word' id='word_1_11' title='bbox 258 975 300 1036; x_wconf 92' lang='lat' dir='ltr'><strong>ln</strong></span> <span class='ocrx_word' id='word_1_12' title='bbox 323 975 353 1035; x_wconf 83' lang='lat'><strong>3.</strong></span> <span class='ocrx_word' id='word_1_13' title='bbox 376 973 583 1034; x_wconf 82' lang='lat' dir='ltr'><strong>Nocturno.</strong></span> 
     </span>
     <span class='ocr_line' id='line_1_7' title="bbox 331 1090 507 1158; baseline -0.006 -15"><span class='ocrx_word' id='word_1_14' title='bbox 331 1090 507 1158; x_wconf 77' lang='lat' dir='ltr'><strong>Antiphonac.</strong></span> 
     </span>
     <span class='ocr_line' id='line_1_8' title="bbox 154 1195 546 1271; baseline -0.018 -10"><span class='ocrx_word' id='word_1_15' title='bbox 154 1199 182 1261; x_wconf 90' lang='grc'><strong>1.</strong></span> <span class='ocrx_word' id='word_1_16' title='bbox 204 1197 393 1271; x_wconf 87' lang='lat' dir='ltr'><strong>Benediristi,</strong></span> <span class='ocrx_word' id='word_1_17' title='bbox 415 1195 546 1268; x_wconf 83' lang='lat' dir='ltr'><strong>Domine,</strong></span> 
     </span>
    </p>
   </div>
   <div class='ocr_carea' id='block_1_3' title="bbox 243 1281 607 1355">
    <p class='ocr_par' dir='ltr' id='par_1_3' title="bbox 243 1281 607 1355">
     <span class='ocr_line' id='line_1_9' title="bbox 243 1281 607 1355; baseline -0.016 -10"><span class='ocrx_word' id='word_1_18' title='bbox 243 1283 387 1345; x_wconf 80' lang='lat' dir='ltr'><strong>Marinum</strong></span> <span class='ocrx_word' id='word_1_19' title='bbox 409 1283 439 1341; x_wconf 92' lang='lat' dir='ltr'><strong>in</strong></span> <span class='ocrx_word' id='word_1_20' title='bbox 461 1281 607 1355; x_wconf 88' lang='lat' dir='ltr'><strong>periculis,</strong></span> 
     </span>
    </p>
   </div>
   <div class='ocr_carea' id='block_1_4' title="bbox 200 1365 526 1442">
    <p class='ocr_par' dir='ltr' id='par_1_4' title="bbox 200 1365 526 1442">
     <span class='ocr_line' id='line_1_10' title="bbox 200 1365 526 1442; baseline -0.009 -15"><span class='ocrx_word' id='word_1_21' title='bbox 200 1370 233 1427; x_wconf 89' lang='lat' dir='ltr'><strong>ln</strong></span> <span class='ocrx_word' id='word_1_22' title='bbox 254 1371 334 1442; x_wconf 89' lang='lat' dir='ltr'><strong>cnjus</strong></span> <span class='ocrx_word' id='word_1_23' title='bbox 356 1365 526 1427; x_wconf 83' lang='lat' dir='ltr'><strong>fortitudine</strong></span> 
     </span>
    </p>
   </div>
   <div class='ocr_carea' id='block_1_5' title="bbox 242 1452 656 1525">
    <p class='ocr_par' dir='ltr' id='par_1_5' title="bbox 242 1452 656 1525">
     <span class='ocr_line' id='line_1_11' title="bbox 242 1452 656 1525; baseline -0.01 -11"><span class='ocrx_word' id='word_1_24' title='bbox 242 1454 330 1514; x_wconf 90' lang='lat' dir='ltr'><strong>Duris</strong></span> <span class='ocrx_word' id='word_1_25' title='bbox 358 1470 414 1513; x_wconf 92' lang='lat' dir='ltr'><strong>non</strong></span> <span class='ocrx_word' id='word_1_26' title='bbox 437 1454 524 1512; x_wconf 86' lang='lat' dir='ltr'><strong>cessit</strong></span> <span class='ocrx_word' id='word_1_27' title='bbox 542 1452 656 1525; x_wconf 85' lang='lat' dir='ltr'><strong>jaculis.</strong></span> 
     </span>
    </p>
   </div>
   <div class='ocr_carea' id='block_1_6' title="bbox 149 1556 583 1618">
    <p class='ocr_par' dir='ltr' id='par_1_6' title="bbox 149 1556 583 1618">
     <span class='ocr_line' id='line_1_12' title="bbox 149 1556 583 1618; baseline -0.014 0"><span class='ocrx_word' id='word_1_28' title='bbox 149 1561 177 1618; x_wconf 84' lang='lat'><strong>2.</strong></span> <span class='ocrx_word' id='word_1_29' title='bbox 200 1557 429 1618; x_wconf 75' lang='lat' dir='ltr'><strong>Fundamentum</strong></span> <span class='ocrx_word' id='word_1_30' title='bbox 454 1556 583 1614; x_wconf 83' lang='lat' dir='ltr'><strong>veritatis</strong></span> 
     </span>
    </p>
   </div>
   <div class='ocr_carea' id='block_1_7' title="bbox 613 251 841 316">
    <p class='ocr_par' dir='ltr' id='par_1_7' title="bbox 613 251 841 316">
     <span class='ocr_line' id='line_1_13' title="bbox 613 251 841 316; baseline 0 -1"><span class='ocrx_word' id='word_1_31' title='bbox 613 251 841 316; x_wconf 80' lang='lat'>-156-</span> 
     </span>
    </p>
   </div>
   <div class='ocr_carea' id='block_1_8' title="bbox 753 423 1133 760">
    <p class='ocr_par' dir='ltr' id='par_1_8' title="bbox 753 423 1133 760">
     <span class='ocr_line' id='line_1_14' title="bbox 753 423 1032 499; baseline -0.007 -14"><span class='ocrx_word' id='word_1_32' title='bbox 753 426 788 486; x_wconf 86' lang='lat' dir='ltr'><strong>V.</strong></span> <span class='ocrx_word' id='word_1_33' title='bbox 816 423 927 485; x_wconf 80' lang='lat' dir='ltr'><strong>Collum</strong></span> <span class='ocrx_word' id='word_1_34' title='bbox 948 431 1032 499; x_wconf 84' lang='lat' dir='ltr'><strong>parat</strong></span> 
     </span>
     <span class='ocr_line' id='line_1_15' title="bbox 860 511 1101 584; baseline 0.012 -16"><span class='ocrx_word' id='word_1_35' title='bbox 860 511 957 584; x_wconf 89' lang='lat' dir='ltr'><strong>puella</strong></span> <span class='ocrx_word' id='word_1_36' title='bbox 978 511 1101 584; x_wconf 80' lang='lat' dir='ltr'><strong>niveum,</strong></span> 
     </span>
     <span class='ocr_line' id='line_1_16' title="bbox 816 595 1008 670; baseline 0 -15"><span class='ocrx_word' id='word_1_37' title='bbox 816 595 909 670; x_wconf 86' lang='lat' dir='ltr'><strong>Caput</strong></span> <span class='ocrx_word' id='word_1_38' title='bbox 931 597 1008 656; x_wconf 89' lang='lat' dir='ltr'><strong>tollit</strong></span> 
     </span>
     <span class='ocr_line' id='line_1_17' title="bbox 858 682 1133 760; baseline 0.004 -20"><span class='ocrx_word' id='word_1_39' title='bbox 858 682 944 741; x_wconf 82' lang='lat' dir='ltr'><strong>lictor</strong></span> <span class='ocrx_word' id='word_1_40' title='bbox 964 683 1133 760; x_wconf 76' lang='lat' dir='ltr'><strong>virgineum,</strong></span> 
     </span>
    </p>
   </div>
   <div class='ocr_carea' id='block_1_9' title="bbox 899 767 1226 928">
    <p class='ocr_par' dir='ltr' id='par_1_9' title="bbox 899 767 1226 928">
     <span class='ocr_line' id='line_1_18' title="bbox 901 767 1203 842; baseline 0 -14"><span class='ocrx_word' id='word_1_41' title='bbox 901 767 949 828; x_wconf 87' lang='lat' dir='ltr'><strong>Sic</strong></span> <span class='ocrx_word' id='word_1_42' title='bbox 971 768 1052 842; x_wconf 79' lang='lat' dir='ltr'><strong>virgo</strong></span> <span class='ocrx_word' id='word_1_43' title='bbox 1073 768 1203 828; x_wconf 83' lang='lat' dir='ltr'><strong>bravium</strong></span> 
     </span>
     <span class='ocr_line' id='line_1_19' title="bbox 899 851 1226 928; baseline 0.003 -15"><span class='ocrx_word' id='word_1_44' title='bbox 899 851 985 926; x_wconf 84' lang='lat' dir='ltr'><strong>Capit</strong></span> <span class='ocrx_word' id='word_1_45' title='bbox 1004 860 1072 928; x_wconf 91' lang='lat' dir='ltr'><strong>post</strong></span> <span class='ocrx_word' id='word_1_46' title='bbox 1090 852 1226 914; x_wconf 86' lang='lat' dir='ltr'><strong>stadium.</strong></span> 
     </span>
    </p>
   </div>
   <div class='ocr_carea' id='block_1_10' title="bbox 901 1059 1173 1244">
    <p class='ocr_par' dir='ltr' id='par_1_10' title="bbox 901 1059 1173 1244">
     <span class='ocr_line' id='line_1_20' title="bbox 901 1059 1173 1121; baseline -0.018 0"><span class='ocrx_word' id='word_1_47' title='bbox 901 1060 942 1121; x_wconf 90' lang='lat' dir='ltr'><strong>In</strong></span> <span class='ocrx_word' id='word_1_48' title='bbox 964 1059 1173 1119; x_wconf 82' lang='lat' dir='ltr'>Laudibus.</span> 
     </span>
     <span class='ocr_line' id='line_1_21' title="bbox 947 1177 1124 1244; baseline -0.006 -15"><span class='ocrx_word' id='word_1_49' title='bbox 947 1177 1124 1244; x_wconf 76' lang='lat' dir='ltr'><strong>Antiphonae.</strong></span> 
     </span>
    </p>
   </div>
   <div class='ocr_carea' id='block_1_11' title="bbox 764 1281 1147 1528">
    <p class='ocr_par' dir='ltr' id='par_1_11' title="bbox 764 1281 1147 1528">
     <span class='ocr_line' id='line_1_22' title="bbox 764 1281 1116 1358; baseline 0 -17"><span class='ocrx_word' id='word_1_50' title='bbox 764 1283 792 1341; x_wconf 93' lang='lat'><strong>1.</strong></span> <span class='ocrx_word' id='word_1_51' title='bbox 817 1281 954 1341; x_wconf 85' lang='lat' dir='ltr'><strong>Dominus</strong></span> <span class='ocrx_word' id='word_1_52' title='bbox 976 1284 1116 1358; x_wconf 81' lang='lat' dir='ltr'><strong>regnavit,</strong></span> 
     </span>
     <span class='ocr_line' id='line_1_23' title="bbox 856 1368 1147 1443; baseline -0.003 -15"><span class='ocrx_word' id='word_1_53' title='bbox 856 1369 891 1428; x_wconf 90' lang='lat' dir='ltr'><strong>In</strong></span> <span class='ocrx_word' id='word_1_54' title='bbox 914 1369 995 1441; x_wconf 89' lang='lat' dir='ltr'><strong>cujus</strong></span> <span class='ocrx_word' id='word_1_55' title='bbox 1017 1368 1147 1443; x_wconf 81' lang='lat' dir='ltr'><strong>potentia</strong></span> 
     </span>
     <span class='ocr_line' id='line_1_24' title="bbox 813 1453 1090 1528; baseline 0 -16"><span class='ocrx_word' id='word_1_56' title='bbox 813 1453 919 1512; x_wconf 84' lang='lat' dir='ltr'><strong>Hostes</strong></span> <span class='ocrx_word' id='word_1_57' title='bbox 942 1455 1090 1528; x_wconf 86' lang='lat' dir='ltr'><strong>superavit</strong></span> 
     </span>
    </p>
   </div>
   <div class='ocr_carea' id='block_1_12' title="bbox 860 1539 1162 1613">
    <p class='ocr_par' dir='ltr' id='par_1_12' title="bbox 860 1539 1162 1613">
     <span class='ocr_line' id='line_1_25' title="bbox 860 1539 1162 1613; baseline 0.007 -16"><span class='ocrx_word' id='word_1_58' title='bbox 860 1539 977 1599; x_wconf 87' lang='lat' dir='ltr'><strong>Puellae</strong></span> <span class='ocrx_word' id='word_1_59' title='bbox 999 1540 1162 1613; x_wconf 85' lang='lat' dir='ltr'><strong>prudentia.</strong></span> 
     </span>
    </p>
   </div>
   <div class='ocr_carea' id='block_1_13' title="bbox 244 1640 1126 1714">
    <p class='ocr_par' dir='ltr' id='par_1_13' title="bbox 244 1640 1126 1714">
     <span class='ocr_line' id='line_1_26' title="bbox 244 1640 1126 1714; baseline -0.003 -10"><span class='ocrx_word' id='word_1_60' title='bbox 244 1643 344 1704; x_wconf 85' lang='lat' dir='ltr'><strong>Hostis</strong></span> <span class='ocrx_word' id='word_1_61' title='bbox 366 1648 480 1700; x_wconf 80' lang='lat' dir='ltr'><strong>tentans</strong></span> <span class='ocrx_word' id='word_1_62' title='bbox 501 1640 678 1713; x_wconf 86' lang='lat' dir='ltr'><strong>subvertere,</strong></span> <span class='ocrx_word' id='word_1_63' title='bbox 763 1644 792 1704; x_wconf 85' lang='lat'><strong>2.</strong></span> <span class='ocrx_word' id='word_1_64' title='bbox 814 1641 944 1702; x_wconf 75' lang='lat' dir='ltr'><strong>iubilate</strong></span> <span class='ocrx_word' id='word_1_65' title='bbox 962 1641 1024 1702; x_wconf 88' lang='lat' dir='ltr'><strong>Deo</strong></span> <span class='ocrx_word' id='word_1_66' title='bbox 1047 1640 1126 1714; x_wconf 87' lang='lat' dir='ltr'><strong>iorti,</strong></span> 
     </span>
    </p>
   </div>
   <div class='ocr_carea' id='block_1_14' title="bbox 202 1727 548 1790">
    <p class='ocr_par' dir='ltr' id='par_1_14' title="bbox 202 1727 548 1790">
     <span class='ocr_line' id='line_1_27' title="bbox 202 1727 548 1790; baseline -0.012 -1"><span class='ocrx_word' id='word_1_67' title='bbox 202 1728 281 1790; x_wconf 88' lang='lat' dir='ltr'><strong>Pede</strong></span> <span class='ocrx_word' id='word_1_68' title='bbox 301 1729 386 1786; x_wconf 86' lang='lat' dir='ltr'><strong>tritus</strong></span> <span class='ocrx_word' id='word_1_69' title='bbox 408 1727 548 1786; x_wconf 77' lang='lat' dir='ltr'><strong>mutitatis</strong></span> 
     </span>
    </p>
   </div>
   <div class='ocr_carea' id='block_1_15' title="bbox 247 1812 656 1887">
    <p class='ocr_par' dir='ltr' id='par_1_15' title="bbox 247 1812 656 1887">
     <span class='ocr_line' id='line_1_28' title="bbox 247 1812 656 1887; baseline 0 -14"><span class='ocrx_word' id='word_1_70' title='bbox 247 1813 390 1886; x_wconf 82' lang='lat' dir='ltr'><strong>Marinae,</strong></span> <span class='ocrx_word' id='word_1_71' title='bbox 413 1812 519 1887; x_wconf 78' lang='lat' dir='ltr'><strong>gaudet</strong></span> <span class='ocrx_word' id='word_1_72' title='bbox 544 1813 656 1873; x_wconf 89' lang='lat' dir='ltr'><strong>cedere.</strong></span> 
     </span>
    </p>
   </div>
   <div class='ocr_carea' id='block_1_16' title="bbox 149 1916 558 2073">
    <p class='ocr_par' dir='ltr' id='par_1_16' title="bbox 149 1916 558 2073">
     <span class='ocr_line' id='line_1_29' title="bbox 149 1916 537 1990; baseline -0.013 -12"><span class='ocrx_word' id='word_1_73' title='bbox 149 1920 178 1979; x_wconf 82' lang='grc'><strong>3.</strong></span> <span class='ocrx_word' id='word_1_74' title='bbox 199 1917 320 1976; x_wconf 79' lang='lat' dir='ltr'><strong>cantate</strong></span> <span class='ocrx_word' id='word_1_75' title='bbox 341 1916 402 1990; x_wconf 78' lang='lat' dir='ltr'><strong>regi</strong></span> <span class='ocrx_word' id='word_1_76' title='bbox 424 1931 537 1989; x_wconf 90' lang='lat' dir='ltr'><strong>supero,</strong></span> 
     </span>
     <span class='ocr_line' id='line_1_30' title="bbox 201 1997 558 2073; baseline 0 -12"><span class='ocrx_word' id='word_1_77' title='bbox 201 2002 255 2073; x_wconf 79' lang='lat' dir='ltr'><strong>Qui</strong></span> <span class='ocrx_word' id='word_1_78' title='bbox 277 2001 386 2061; x_wconf 85' lang='lat' dir='ltr'><strong>hostem</strong></span> <span class='ocrx_word' id='word_1_79' title='bbox 409 1997 558 2061; x_wconf 84' lang='lat' dir='ltr'><strong>salutifero</strong></span> 
     </span>
    </p>
   </div>
   <div class='ocr_carea' id='block_1_17' title="bbox 244 2086 620 2164">
    <p class='ocr_par' dir='ltr' id='par_1_17' title="bbox 244 2086 620 2164">
     <span class='ocr_line' id='line_1_31' title="bbox 244 2086 620 2164; baseline -0.005 -18"><span class='ocrx_word' id='word_1_80' title='bbox 244 2086 332 2162; x_wconf 80' lang='lat' dir='ltr'><strong>Signo</strong></span> <span class='ocrx_word' id='word_1_81' title='bbox 353 2088 445 2146; x_wconf 89' lang='lat' dir='ltr'><strong>crucis</strong></span> <span class='ocrx_word' id='word_1_82' title='bbox 468 2086 620 2164; x_wconf 86' lang='lat' dir='ltr'><strong>destruxit,</strong></span> 
     </span>
    </p>
   </div>
   <div class='ocr_carea' id='block_1_18' title="bbox 200 2173 544 2246">
    <p class='ocr_par' dir='ltr' id='par_1_18' title="bbox 200 2173 544 2246">
     <span class='ocr_line' id='line_1_32' title="bbox 200 2173 544 2246; baseline 0 -15"><span class='ocrx_word' id='word_1_83' title='bbox 200 2173 240 2231; x_wconf 85' lang='lat' dir='ltr'><strong>Et</strong></span> <span class='ocrx_word' id='word_1_84' title='bbox 260 2192 278 2233; x_wconf 89' lang='lat' dir='ltr'><strong>a</strong></span> <span class='ocrx_word' id='word_1_85' title='bbox 299 2174 441 2246; x_wconf 89' lang='lat' dir='ltr'><strong>serpentis</strong></span> <span class='ocrx_word' id='word_1_86' title='bbox 463 2178 544 2231; x_wconf 89' lang='lat' dir='ltr'><strong>utero</strong></span> 
     </span>
    </p>
   </div>
   <div class='ocr_carea' id='block_1_19' title="bbox 243 2259 628 2319">
    <p class='ocr_par' dir='ltr' id='par_1_19' title="bbox 243 2259 628 2319">
     <span class='ocr_line' id='line_1_33' title="bbox 243 2259 628 2319; baseline 0.003 -2"><span class='ocrx_word' id='word_1_87' title='bbox 243 2259 386 2319; x_wconf 78' lang='lat' dir='ltr'><strong>Marinum</strong></span> <span class='ocrx_word' id='word_1_88' title='bbox 408 2260 516 2318; x_wconf 85' lang='lat' dir='ltr'><strong>solvam</strong></span> <span class='ocrx_word' id='word_1_89' title='bbox 539 2259 628 2318; x_wconf 87' lang='lat' dir='ltr'><strong>duxit.</strong></span> 
     </span>
    </p>
   </div>
   <div class='ocr_carea' id='block_1_20' title="bbox 325 2429 511 2494">
    <p class='ocr_par' dir='ltr' id='par_1_20' title="bbox 325 2429 511 2494">
     <span class='ocr_line' id='line_1_34' title="bbox 325 2429 511 2494; baseline -0.005 -14"><span class='ocrx_word' id='word_1_90' title='bbox 325 2429 511 2494; x_wconf 80' lang='lat' dir='ltr'><strong>Responsoris.</strong></span> 
     </span>
    </p>
   </div>
   <div class='ocr_carea' id='block_1_21' title="bbox 152 2532 513 2678">
    <p class='ocr_par' dir='ltr' id='par_1_21' title="bbox 152 2532 513 2678">
     <span class='ocr_line' id='line_1_35' title="bbox 152 2532 390 2607; baseline -0.008 -14"><span class='ocrx_word' id='word_1_91' title='bbox 152 2533 179 2593; x_wconf 89' lang='lat' dir='ltr'><strong>l.</strong></span> <span class='ocrx_word' id='word_1_92' title='bbox 202 2532 390 2607; x_wconf 78' lang='lat' dir='ltr'><strong>Margaritam</strong></span> 
     </span>
     <span class='ocr_line' id='line_1_36' title="bbox 245 2618 513 2678; baseline 0 -1"><span class='ocrx_word' id='word_1_93' title='bbox 245 2618 353 2678; x_wconf 84' lang='lat' dir='ltr'><strong>Christi</strong></span> <span class='ocrx_word' id='word_1_94' title='bbox 375 2618 513 2678; x_wconf 79' lang='lat' dir='ltr'><strong>seducere</strong></span> 
     </span>
    </p>
   </div>
   <div class='ocr_carea' id='block_1_22' title="bbox 815 1727 1212 1963">
    <p class='ocr_par' dir='ltr' id='par_1_22' title="bbox 815 1727 1212 1963">
     <span class='ocr_line' id='line_1_37' title="bbox 857 1727 1192 1802; baseline 0.003 -15"><span class='ocrx_word' id='word_1_95' title='bbox 857 1727 911 1799; x_wconf 80' lang='lat' dir='ltr'><strong>Qui</strong></span> <span class='ocrx_word' id='word_1_96' title='bbox 933 1729 1067 1788; x_wconf 85' lang='lat' dir='ltr'><strong>Marinae</strong></span> <span class='ocrx_word' id='word_1_97' title='bbox 1088 1727 1192 1802; x_wconf 75' lang='lat' dir='ltr'><strong>virgini</strong></span> 
     </span>
     <span class='ocr_line' id='line_1_38' title="bbox 815 1812 1212 1890; baseline 0.003 -20"><span class='ocrx_word' id='word_1_98' title='bbox 815 1812 913 1890; x_wconf 82' lang='lat' dir='ltr'><strong>Dedit,</strong></span> <span class='ocrx_word' id='word_1_99' title='bbox 935 1820 969 1872; x_wconf 91' lang='lat' dir='ltr'><strong>ut</strong></span> <span class='ocrx_word' id='word_1_100' title='bbox 989 1814 1103 1874; x_wconf 77' lang='lat' dir='ltr'><strong>resiatm</strong></span> <span class='ocrx_word' id='word_1_101' title='bbox 1127 1812 1212 1872; x_wconf 91' lang='lat' dir='ltr'><strong>morti</strong></span> 
     </span>
     <span class='ocr_line' id='line_1_39' title="bbox 857 1898 1198 1963; baseline 0.015 -6"><span class='ocrx_word' id='word_1_102' title='bbox 857 1899 898 1957; x_wconf 84' lang='lat' dir='ltr'><strong>Et</strong></span> <span class='ocrx_word' id='word_1_103' title='bbox 918 1899 1018 1959; x_wconf 86' lang='lat' dir='ltr'><strong>mundi</strong></span> <span class='ocrx_word' id='word_1_104' title='bbox 1042 1898 1198 1963; x_wconf 83' lang='lat' dir='ltr'><strong>dulcedini.</strong></span> 
     </span>
    </p>
   </div>
   <div class='ocr_carea' id='block_1_23' title="bbox 762 1999 1232 2076">
    <p class='ocr_par' dir='ltr' id='par_1_23' title="bbox 762 1999 1232 2076">
     <span class='ocr_line' id='line_1_40' title="bbox 762 1999 1232 2076; baseline -0.002 -15"><span class='ocrx_word' id='word_1_105' title='bbox 762 2003 790 2062; x_wconf 80' lang='lat'><strong>3.</strong></span> <span class='ocrx_word' id='word_1_106' title='bbox 811 1999 898 2074; x_wconf 90' lang='lat' dir='ltr'><strong>Deus,</strong></span> <span class='ocrx_word' id='word_1_107' title='bbox 922 2002 1000 2062; x_wconf 90' lang='lat' dir='ltr'><strong>Deus</strong></span> <span class='ocrx_word' id='word_1_108' title='bbox 1021 2018 1110 2076; x_wconf 88' lang='lat' dir='ltr'><strong>meus,</strong></span> <span class='ocrx_word' id='word_1_109' title='bbox 1131 2001 1232 2061; x_wconf 74' lang='lat' dir='ltr'><strong>modes</strong></span> 
     </span>
    </p>
   </div>
   <div class='ocr_carea' id='block_1_24' title="bbox 857 2087 1181 2160">
    <p class='ocr_par' dir='ltr' id='par_1_24' title="bbox 857 2087 1181 2160">
     <span class='ocr_line' id='line_1_41' title="bbox 857 2087 1181 2160; baseline -0.003 -14"><span class='ocrx_word' id='word_1_110' title='bbox 857 2087 924 2146; x_wconf 75' lang='lat' dir='ltr'><strong>libi</strong></span> <span class='ocrx_word' id='word_1_111' title='bbox 946 2089 1026 2147; x_wconf 87' lang='lat' dir='ltr'><strong>solvo</strong></span> <span class='ocrx_word' id='word_1_112' title='bbox 1047 2089 1181 2160; x_wconf 82' lang='lat' dir='ltr'><strong>libenter,</strong></span> 
     </span>
    </p>
   </div>
   <div class='ocr_carea' id='block_1_25' title="bbox 815 2172 1318 2247">
    <p class='ocr_par' dir='ltr' id='par_1_25' title="bbox 815 2172 1318 2247">
     <span class='ocr_line' id='line_1_42' title="bbox 815 2172 1318 2247; baseline 0.002 -18"><span class='ocrx_word' id='word_1_113' title='bbox 815 2172 868 2245; x_wconf 81' lang='lat' dir='ltr'><strong>Qui</strong></span> <span class='ocrx_word' id='word_1_114' title='bbox 891 2189 936 2231; x_wconf 87' lang='lat' dir='ltr'><strong>mc</strong></span> <span class='ocrx_word' id='word_1_115' title='bbox 957 2190 1092 2247; x_wconf 85' lang='lat' dir='ltr'><strong>sponsam</strong></span> <span class='ocrx_word' id='word_1_116' title='bbox 1113 2179 1190 2232; x_wconf 91' lang='lat' dir='ltr'><strong>tuam</strong></span> <span class='ocrx_word' id='word_1_117' title='bbox 1206 2172 1318 2246; x_wconf 76' lang='lat' dir='ltr'><strong>gaudes</strong></span> 
     </span>
    </p>
   </div>
   <div class='ocr_carea' id='block_1_26' title="bbox 859 2257 1223 2333">
    <p class='ocr_par' dir='ltr' id='par_1_26' title="bbox 859 2257 1223 2333">
     <span class='ocr_line' id='line_1_43' title="bbox 859 2257 1223 2333; baseline 0.005 -16"><span class='ocrx_word' id='word_1_118' title='bbox 859 2257 979 2318; x_wconf 76' lang='lat' dir='ltr'><strong>Saliare</strong></span> <span class='ocrx_word' id='word_1_119' title='bbox 999 2265 1058 2318; x_wconf 86' lang='lat' dir='ltr'><strong>tarn</strong></span> <span class='ocrx_word' id='word_1_120' title='bbox 1081 2263 1223 2333; x_wconf 87' lang='lat' dir='ltr'><strong>potenter.</strong></span> 
     </span>
    </p>
   </div>
   <div class='ocr_carea' id='block_1_27' title="bbox 762 2361 1135 2440">
    <p class='ocr_par' dir='ltr' id='par_1_27' title="bbox 762 2361 1135 2440">
     <span class='ocr_line' id='line_1_44' title="bbox 762 2361 1135 2440; baseline 0 -19"><span class='ocrx_word' id='word_1_121' title='bbox 762 2363 792 2421; x_wconf 85' lang='lat'><strong>4.</strong></span> <span class='ocrx_word' id='word_1_122' title='bbox 815 2361 982 2422; x_wconf 90' lang='lat' dir='ltr'><strong>Benedicite</strong></span> <span class='ocrx_word' id='word_1_123' title='bbox 1003 2362 1135 2440; x_wconf 90' lang='lat' dir='ltr'><strong>Domino,</strong></span> 
     </span>
    </p>
   </div>
   <div class='ocr_carea' id='block_1_28' title="bbox 858 2446 1295 2523">
    <p class='ocr_par' dir='ltr' id='par_1_28' title="bbox 858 2446 1295 2523">
     <span class='ocr_line' id='line_1_45' title="bbox 858 2446 1295 2523; baseline 0 -18"><span class='ocrx_word' id='word_1_124' title='bbox 858 2447 1001 2523; x_wconf 80' lang='lat' dir='ltr'><strong>Virgines,</strong></span> <span class='ocrx_word' id='word_1_125' title='bbox 1023 2463 1146 2522; x_wconf 75' lang='lat' dir='ltr'><strong>sponsae</strong></span> <span class='ocrx_word' id='word_1_126' title='bbox 1167 2446 1295 2519; x_wconf 88' lang='lat' dir='ltr'><strong>Domini,</strong></span> 
     </span>
    </p>
   </div>
   <div class='ocr_carea' id='block_1_29' title="bbox 816 2531 1209 2603">
    <p class='ocr_par' dir='ltr' id='par_1_29' title="bbox 816 2531 1209 2603">
     <span class='ocr_line' id='line_1_46' title="bbox 816 2531 1209 2603; baseline 0 -12"><span class='ocrx_word' id='word_1_127' title='bbox 816 2531 869 2603; x_wconf 81' lang='lat' dir='ltr'><strong>Qui</strong></span> <span class='ocrx_word' id='word_1_128' title='bbox 892 2534 981 2592; x_wconf 90' lang='lat' dir='ltr'><strong>vitam</strong></span> <span class='ocrx_word' id='word_1_129' title='bbox 1003 2534 1066 2592; x_wconf 89' lang='lat' dir='ltr'><strong>sine</strong></span> <span class='ocrx_word' id='word_1_130' title='bbox 1088 2533 1209 2592; x_wconf 86' lang='lat' dir='ltr'><strong>termino</strong></span> 
     </span>
    </p>
   </div>
   <div class='ocr_carea' id='block_1_30' title="bbox 859 2618 1281 2693">
    <p class='ocr_par' dir='ltr' id='par_1_30' title="bbox 859 2618 1281 2693">
     <span class='ocr_line' id='line_1_47' title="bbox 859 2618 1281 2693; baseline 0.007 -16"><span class='ocrx_word' id='word_1_131' title='bbox 859 2619 992 2679; x_wconf 88' lang='lat' dir='ltr'><strong>Marinae</strong></span> <span class='ocrx_word' id='word_1_132' title='bbox 1014 2624 1145 2693; x_wconf 86' lang='lat' dir='ltr'><strong>praestat</strong></span> <span class='ocrx_word' id='word_1_133' title='bbox 1166 2618 1281 2693; x_wconf 79' lang='lat' dir='ltr'><strong>uirgini.</strong></span> 
     </span>
    </p>
   </div>
   <div class='ocr_carea' id='block_1_31' title="bbox 201 2704 1252 3192">
    <p class='ocr_par' dir='ltr' id='par_1_31' title="bbox 201 2704 1252 3192">
     <span class='ocr_line' id='line_1_48' title="bbox 201 2704 1229 2803; baseline 0.003 -26"><span class='ocrx_word' id='word_1_134' title='bbox 201 2704 336 2803; x_wconf 68' lang='lat' dir='ltr'><strong>Tempus</strong></span> <span class='ocrx_word' id='word_1_135' title='bbox 357 2704 447 2762; x_wconf 78' lang='lat' dir='ltr'><strong>nosos</strong></span> <span class='ocrx_word' id='word_1_136' title='bbox 763 2722 792 2782; x_wconf 86' lang='lat'><strong>5.</strong></span> <span class='ocrx_word' id='word_1_137' title='bbox 816 2720 947 2780; x_wconf 66' lang='lat' dir='ltr'><strong>ouran</strong></span> <span class='ocrx_word' id='word_1_138' title='bbox 968 2722 1045 2781; x_wconf 72' lang='lat' dir='ltr'><strong>viae</strong></span> <span class='ocrx_word' id='word_1_139' title='bbox 1066 2721 1229 2795; x_wconf 80' lang='lat' dir='ltr'><strong>nominum,</strong></span> 
     </span>
     <span class='ocr_line' id='line_1_49' title="bbox 247 2790 1243 2884; baseline 0.002 -22"><span class='ocrx_word' id='word_1_140' title='bbox 247 2790 384 2848; x_wconf 74' lang='grc'><strong>1111111111</strong></span> <span class='ocrx_word' id='word_1_141' title='bbox 408 2805 532 2863; x_wconf 67' lang='grc'><strong>11111111,</strong></span> <span class='ocrx_word' id='word_1_142' title='bbox 858 2806 957 2866; x_wconf 88' lang='lat' dir='ltr'><strong>Omnis</strong></span> <span class='ocrx_word' id='word_1_143' title='bbox 979 2808 1112 2866; x_wconf 86' lang='lat' dir='ltr'><strong>coelestis</strong></span> <span class='ocrx_word' id='word_1_144' title='bbox 1134 2807 1243 2884; x_wconf 87' lang='lat' dir='ltr'><strong>concio,</strong></span> 
     </span>
     <span class='ocr_line' id='line_1_50' title="bbox 205 2875 1240 2974; baseline 0.002 -25"><span class='ocrx_word' id='word_1_145' title='bbox 205 2875 262 2934; x_wconf 73' lang='lat' dir='ltr'><strong>ses</strong></span> <span class='ocrx_word' id='word_1_146' title='bbox 284 2876 349 2949; x_wconf 74' lang='lat' dir='ltr'><strong>prus</strong></span> <span class='ocrx_word' id='word_1_147' title='bbox 371 2875 435 2974; x_wconf 67' lang='lat' dir='ltr'><strong>Eu</strong></span> <span class='ocrx_word' id='word_1_148' title='bbox 816 2892 869 2965; x_wconf 79' lang='lat' dir='ltr'><strong>on</strong></span> <span class='ocrx_word' id='word_1_149' title='bbox 891 2894 1076 2967; x_wconf 66' lang='lat' dir='ltr'><strong>moganum</strong></span> <span class='ocrx_word' id='word_1_150' title='bbox 1099 2894 1240 2967; x_wconf 75' lang='lat' dir='ltr'><strong>&#39;virginum</strong></span> 
     </span>
     <span class='ocr_line' id='line_1_51' title="bbox 243 2966 1252 3053; baseline 0.003 -18"><span class='ocrx_word' id='word_1_151' title='bbox 243 2967 345 3035; x_wconf 66' lang='grc'><strong>11011111</strong></span> <span class='ocrx_word' id='word_1_152' title='bbox 367 2966 502 3020; x_wconf 60' lang='lat' dir='ltr'><strong>mitre</strong></span> <span class='ocrx_word' id='word_1_153' title='bbox 858 2977 965 3038; x_wconf 89' lang='lat' dir='ltr'><strong>Nostro</strong></span> <span class='ocrx_word' id='word_1_154' title='bbox 983 2980 1078 3053; x_wconf 82' lang='lat' dir='ltr'><strong>jungit</strong></span> <span class='ocrx_word' id='word_1_155' title='bbox 1100 2979 1252 3038; x_wconf 87' lang='lat' dir='ltr'><strong>consortio.</strong></span> 
     </span>
     <span class='ocr_line' id='line_1_52' title="bbox 202 3047 377 3121; baseline -0.006 -15"><span class='ocrx_word' id='word_1_156' title='bbox 202 3047 295 3121; x_wconf 83' lang='lat' dir='ltr'><strong>Caput</strong></span> <span class='ocrx_word' id='word_1_157' title='bbox 315 3047 377 3119; x_wconf 85' lang='lat' dir='ltr'><strong>ejus</strong></span> 
     </span>
     <span class='ocr_line' id='line_1_53' title="bbox 244 3131 1143 3192; baseline 0 0"><span class='ocrx_word' id='word_1_158' title='bbox 244 3133 379 3192; x_wconf 84' lang='lat' dir='ltr'><strong>contrivit</strong></span> <span class='ocrx_word' id='word_1_159' title='bbox 398 3132 483 3191; x_wconf 88' lang='lat' dir='ltr'><strong>hodie</strong></span> <span class='ocrx_word' id='word_1_160' title='bbox 918 3131 960 3181; x_wconf 78' lang='lat' dir='ltr'><strong>nd</strong></span> <span class='ocrx_word' id='word_1_161' title='bbox 977 3131 1143 3182; x_wconf 72' lang='lat' dir='ltr'><strong>Benedictus·</strong></span> 
     </span>
    </p>
   </div>
   <div class='ocr_carea' id='block_1_32' title="bbox 245 3218 975 3310">
    <p class='ocr_par' dir='ltr' id='par_1_32' title="bbox 245 3218 975 3310">
     <span class='ocr_line' id='line_1_54' title="bbox 245 3218 975 3310; baseline 0.021 -30"><span class='ocrx_word' id='word_1_162' title='bbox 245 3221 333 3292; x_wconf 76' lang='lat' dir='ltr'><strong>Virss⁰</strong></span> <span class='ocrx_word' id='word_1_163' title='bbox 354 3218 539 3293; x_wconf 63' lang='lat' dir='ltr'><strong>Pffldessfiaet</strong></span> <span class='ocrx_word' id='word_1_164' title='bbox 753 3237 789 3294; x_wconf 77' lang='lat' dir='ltr'><strong>A.</strong></span> <span class='ocrx_word' id='word_1_165' title='bbox 813 3235 975 3310; x_wconf 76' lang='lat' dir='ltr'><strong>Margarita</strong></span> 
     </span>
    </p>
   </div>
   <div class='ocr_carea' id='block_1_33' title="bbox 138 3303 565 3708">
    <p class='ocr_par' dir='ltr' id='par_1_33' title="bbox 138 3303 565 3708">
     <span class='ocr_line' id='line_1_55' title="bbox 138 3303 394 3379; baseline -0.004 -15"><span class='ocrx_word' id='word_1_166' title='bbox 138 3305 173 3364; x_wconf 88' lang='lat' dir='ltr'><strong>V.</strong></span> <span class='ocrx_word' id='word_1_167' title='bbox 203 3305 288 3379; x_wconf 79' lang='lat' dir='ltr'><strong>Virgo</strong></span> <span class='ocrx_word' id='word_1_168' title='bbox 311 3303 394 3363; x_wconf 87' lang='lat' dir='ltr'><strong>fortis</strong></span> 
     </span>
     <span class='ocr_line' id='line_1_56' title="bbox 244 3388 565 3464; baseline -0.009 -15"><span class='ocrx_word' id='word_1_169' title='bbox 244 3391 400 3464; x_wconf 80' lang='lat' dir='ltr'><strong>prosternit</strong></span> <span class='ocrx_word' id='word_1_170' title='bbox 423 3388 565 3463; x_wconf 83' lang='lat' dir='ltr'><strong>zabulum,</strong></span> 
     </span>
     <span class='ocr_line' id='line_1_57' title="bbox 202 3476 422 3551; baseline -0.014 -15"><span class='ocrx_word' id='word_1_171' title='bbox 202 3477 296 3551; x_wconf 83' lang='lat' dir='ltr'><strong>caput</strong></span> <span class='ocrx_word' id='word_1_172' title='bbox 317 3476 422 3550; x_wconf 90' lang='lat' dir='ltr'><strong>premit</strong></span> 
     </span>
     <span class='ocr_line' id='line_1_58' title="bbox 244 3559 534 3635; baseline -0.007 -14"><span class='ocrx_word' id='word_1_173' title='bbox 244 3570 273 3621; x_wconf 90' lang='lat' dir='ltr'><strong>et</strong></span> <span class='ocrx_word' id='word_1_174' title='bbox 294 3559 402 3635; x_wconf 77' lang='lat' dir='ltr'><strong>frangit</strong></span> <span class='ocrx_word' id='word_1_175' title='bbox 423 3562 534 3620; x_wconf 93' lang='lat' dir='ltr'><strong>oculum</strong></span> 
     </span>
     <span class='ocr_line' id='line_1_59' title="bbox 286 3647 562 3708; baseline 0 -1"><span class='ocrx_word' id='word_1_176' title='bbox 286 3649 404 3708; x_wconf 89' lang='lat' dir='ltr'><strong>Plenum</strong></span> <span class='ocrx_word' id='word_1_177' title='bbox 427 3647 562 3707; x_wconf 81' lang='lat' dir='ltr'><strong>malitiae.</strong></span> 
     </span>
    </p>
   </div>
   <div class='ocr_carea' id='block_1_34' title="bbox 148 3750 583 4324">
    <p class='ocr_par' dir='ltr' id='par_1_34' title="bbox 148 3750 583 4324">
     <span class='ocr_line' id='line_1_60' title="bbox 148 3750 475 3824; baseline -0.006 -15"><span class='ocrx_word' id='word_1_178' title='bbox 148 3751 176 3809; x_wconf 87' lang='lat'><strong>2.</strong></span> <span class='ocrx_word' id='word_1_179' title='bbox 200 3750 356 3824; x_wconf 81' lang='lat' dir='ltr'><strong>Exspectat</strong></span> <span class='ocrx_word' id='word_1_180' title='bbox 380 3766 475 3809; x_wconf 86' lang='lat' dir='ltr'><strong>ensem</strong></span> 
     </span>
     <span class='ocr_line' id='line_1_61' title="bbox 245 3836 541 3914; baseline -0.003 -20"><span class='ocrx_word' id='word_1_181' title='bbox 245 3837 325 3910; x_wconf 82' lang='lat' dir='ltr'><strong>virgo</strong></span> <span class='ocrx_word' id='word_1_182' title='bbox 347 3836 541 3914; x_wconf 79' lang='lat' dir='ltr'><strong>sanguineum,</strong></span> 
     </span>
     <span class='ocr_line' id='line_1_62' title="bbox 201 3922 369 3982; baseline -0.012 0"><span class='ocrx_word' id='word_1_183' title='bbox 201 3922 273 3982; x_wconf 87' lang='lat' dir='ltr'><strong>Orat</strong></span> <span class='ocrx_word' id='word_1_184' title='bbox 293 3922 369 3980; x_wconf 85' lang='lat' dir='ltr'><strong>laeta</strong></span> 
     </span>
     <span class='ocr_line' id='line_1_63' title="bbox 242 4006 572 4084; baseline 0 -19"><span class='ocrx_word' id='word_1_185' title='bbox 242 4022 377 4081; x_wconf 89' lang='lat' dir='ltr'><strong>sponsum</strong></span> <span class='ocrx_word' id='word_1_186' title='bbox 399 4006 572 4084; x_wconf 85' lang='lat' dir='ltr'><strong>aethereum,</strong></span> 
     </span>
     <span class='ocr_line' id='line_1_64' title="bbox 200 4092 434 4166; baseline -0.004 -15"><span class='ocrx_word' id='word_1_187' title='bbox 200 4092 292 4153; x_wconf 84' lang='lat' dir='ltr'><strong>Favet</strong></span> <span class='ocrx_word' id='word_1_188' title='bbox 313 4109 434 4166; x_wconf 90' lang='lat' dir='ltr'><strong>sponsus</strong></span> 
     </span>
     <span class='ocr_line' id='line_1_65' title="bbox 242 4178 434 4238; baseline -0.016 0"><span class='ocrx_word' id='word_1_189' title='bbox 242 4180 268 4238; x_wconf 94' lang='lat' dir='ltr'><strong>ei</strong></span> <span class='ocrx_word' id='word_1_190' title='bbox 290 4178 434 4237; x_wconf 89' lang='lat' dir='ltr'><strong>sidereum</strong></span> 
     </span>
     <span class='ocr_line' id='line_1_66' title="bbox 287 4263 583 4324; baseline -0.007 0"><span class='ocrx_word' id='word_1_191' title='bbox 287 4265 460 4324; x_wconf 81' lang='lat' dir='ltr'><strong>Promittere</strong></span> <span class='ocrx_word' id='word_1_192' title='bbox 481 4263 583 4322; x_wconf 92' lang='lat' dir='ltr'><strong>solium</strong></span> 
     </span>
    </p>
   </div>
   <div class='ocr_carea' id='block_1_35' title="bbox 284 4349 591 4424">
    <p class='ocr_par' dir='ltr' id='par_1_35' title="bbox 284 4349 591 4424">
     <span class='ocr_line' id='line_1_67' title="bbox 284 4349 591 4424; baseline -0.007 -15"><span class='ocrx_word' id='word_1_193' title='bbox 284 4351 324 4409; x_wconf 84' lang='lat' dir='ltr'><strong>Et</strong></span> <span class='ocrx_word' id='word_1_194' title='bbox 342 4351 419 4410; x_wconf 76' lang='lat' dir='ltr'><strong>vitae</strong></span> <span class='ocrx_word' id='word_1_195' title='bbox 440 4349 591 4424; x_wconf 82' lang='lat' dir='ltr'><strong>gaudium3</strong></span> 
     </span>
    </p>
   </div>
   <div class='ocr_carea' id='block_1_36' title="bbox 858 3321 1152 3396">
    <p class='ocr_par' dir='ltr' id='par_1_36' title="bbox 858 3321 1152 3396">
     <span class='ocr_line' id='line_1_68' title="bbox 858 3321 1152 3396; baseline 0.003 -16"><span class='ocrx_word' id='word_1_196' title='bbox 858 3326 1015 3396; x_wconf 88' lang='lat' dir='ltr'><strong>martyrum</strong></span> <span class='ocrx_word' id='word_1_197' title='bbox 1038 3321 1152 3396; x_wconf 91' lang='lat' dir='ltr'><strong>nobilis,</strong></span> 
     </span>
    </p>
   </div>
   <div class='ocr_carea' id='block_1_37' title="bbox 815 3409 991 3467">
    <p class='ocr_par' dir='ltr' id='par_1_37' title="bbox 815 3409 991 3467">
     <span class='ocr_line' id='line_1_69' title="bbox 815 3409 991 3467; baseline 0.006 -1"><span class='ocrx_word' id='word_1_198' title='bbox 815 3409 906 3466; x_wconf 80' lang='lat' dir='ltr'><strong>Amor</strong></span> <span class='ocrx_word' id='word_1_199' title='bbox 926 3415 991 3467; x_wconf 88' lang='lat' dir='ltr'><strong>tuns</strong></span> 
     </span>
    </p>
   </div>
   <div class='ocr_carea' id='block_1_38' title="bbox 859 3492 1091 3648">
    <p class='ocr_par' dir='ltr' id='par_1_38' title="bbox 859 3492 1091 3648">
     <span class='ocr_line' id='line_1_70' title="bbox 859 3492 1089 3553; baseline 0.004 -3"><span class='ocrx_word' id='word_1_200' title='bbox 859 3500 903 3551; x_wconf 86' lang='lat' dir='ltr'><strong>cst</strong></span> <span class='ocrx_word' id='word_1_201' title='bbox 924 3492 1089 3553; x_wconf 84' lang='lat' dir='ltr'><strong>inflexibilis</strong></span> 
     </span>
     <span class='ocr_line' id='line_1_71' title="bbox 901 3580 1091 3648; baseline -0.011 -10"><span class='ocrx_word' id='word_1_202' title='bbox 901 3580 941 3638; x_wconf 85' lang='lat' dir='ltr'><strong>Et</strong></span> <span class='ocrx_word' id='word_1_203' title='bbox 959 3580 1091 3648; x_wconf 89' lang='lat' dir='ltr'><strong>invictus,</strong></span> 
     </span>
    </p>
   </div>
   <div class='ocr_carea' id='block_1_39' title="bbox 818 3664 1074 3724">
    <p class='ocr_par' dir='ltr' id='par_1_39' title="bbox 818 3664 1074 3724">
     <span class='ocr_line' id='line_1_72' title="bbox 818 3664 1074 3724; baseline 0 -1"><span class='ocrx_word' id='word_1_204' title='bbox 818 3666 873 3723; x_wconf 90' lang='lat' dir='ltr'><strong>Per</strong></span> <span class='ocrx_word' id='word_1_205' title='bbox 894 3665 970 3723; x_wconf 89' lang='lat' dir='ltr'><strong>hunc</strong></span> <span class='ocrx_word' id='word_1_206' title='bbox 992 3664 1074 3724; x_wconf 89' lang='lat' dir='ltr'><strong>nobis</strong></span> 
     </span>
    </p>
   </div>
   <div class='ocr_carea' id='block_1_40' title="bbox 858 3750 1144 3900">
    <p class='ocr_par' dir='ltr' id='par_1_40' title="bbox 858 3750 1144 3900">
     <span class='ocr_line' id='line_1_73' title="bbox 858 3750 1144 3825; baseline 0.007 -17"><span class='ocrx_word' id='word_1_207' title='bbox 858 3752 897 3809; x_wconf 91' lang='lat' dir='ltr'><strong>sit</strong></span> <span class='ocrx_word' id='word_1_208' title='bbox 919 3767 969 3809; x_wconf 88' lang='lat' dir='ltr'><strong>rex</strong></span> <span class='ocrx_word' id='word_1_209' title='bbox 991 3750 1144 3825; x_wconf 86' lang='lat' dir='ltr'><strong>placabilis</strong></span> 
     </span>
     <span class='ocr_line' id='line_1_74' title="bbox 901 3836 1085 3900; baseline 0.022 -5"><span class='ocrx_word' id='word_1_210' title='bbox 901 3836 1085 3900; x_wconf 86' lang='lat' dir='ltr'><strong>Benedictus.</strong></span> 
     </span>
    </p>
   </div>
   <div class='ocr_carea' id='block_1_41' title="bbox 880 4044 1193 4227">
    <p class='ocr_par' dir='ltr' id='par_1_41' title="bbox 880 4044 1193 4227">
     <span class='ocr_line' id='line_1_75' title="bbox 880 4044 1193 4117; baseline 0.01 -15"><span class='ocrx_word' id='word_1_211' title='bbox 880 4044 922 4102; x_wconf 91' lang='lat' dir='ltr'><strong>In</strong></span> <span class='ocrx_word' id='word_1_212' title='bbox 946 4045 975 4104; x_wconf 88' lang='grc'><strong>2.</strong></span> <span class='ocrx_word' id='word_1_213' title='bbox 998 4044 1193 4117; x_wconf 85' lang='lat' dir='ltr'><strong>Vesperis.</strong></span> 
     </span>
     <span class='ocr_line' id='line_1_76' title="bbox 920 4160 1140 4227; baseline 0 -15"><span class='ocrx_word' id='word_1_214' title='bbox 920 4162 961 4212; x_wconf 85' lang='lat' dir='ltr'><strong>Ad</strong></span> <span class='ocrx_word' id='word_1_215' title='bbox 979 4160 1140 4227; x_wconf 75' lang='lat' dir='ltr'><strong>Magnificam.</strong></span> 
     </span>
    </p>
   </div>
   <div class='ocr_carea' id='block_1_42' title="bbox 752 4267 977 4341">
    <p class='ocr_par' dir='ltr' id='par_1_42' title="bbox 752 4267 977 4341">
     <span class='ocr_line' id='line_1_77' title="bbox 752 4267 977 4341; baseline -0.004 -15"><span class='ocrx_word' id='word_1_216' title='bbox 752 4268 790 4328; x_wconf 82' lang='grc' dir='ltr'><strong>Δ.</strong></span> <span class='ocrx_word' id='word_1_217' title='bbox 811 4267 977 4341; x_wconf 72' lang='lat' dir='ltr'><strong>Morgantis</strong></span> 
     </span>
    </p>
   </div>
   <div class='ocr_carea' id='block_1_43' title="bbox 857 4353 1164 4428">
    <p class='ocr_par' dir='ltr' id='par_1_43' title="bbox 857 4353 1164 4428">
     <span class='ocr_line' id='line_1_78' title="bbox 857 4353 1164 4428; baseline 0.007 -17"><span class='ocrx_word' id='word_1_218' title='bbox 857 4353 987 4412; x_wconf 87' lang='lat' dir='ltr'><strong>omnibus</strong></span> <span class='ocrx_word' id='word_1_219' title='bbox 1008 4353 1164 4428; x_wconf 85' lang='lat' dir='ltr'><strong>pulchrior,</strong></span> 
     </span>
    </p>
   </div>
   <div class='ocr_carea' id='block_1_44' title="bbox 0 0 1464 4868">
    <p class='ocr_par' dir='ltr' id='par_1_44' title="bbox 0 0 1464 4868">
     <span class='ocr_line' id='line_1_79' title="bbox 0 0 1464 4868; baseline 0 2"><span class='ocrx_word' id='word_1_220' title='bbox 0 0 1464 4868; x_wconf 95' lang='lat' dir='ltr'><strong> </strong></span> 
     </span>
    </p>
   </div>
  </div>
 </body>
</html>
