2918 4868
160 409 194 471 V.
223 411 308 470 Miles
330 412 497 486 insequitur,

223 496 307 555 Mare
330 498 478 571 dividitur,

221 581 335 641 Pharao
354 585 498 658 mergitur,

220 668 347 740 Populus
369 669 508 744 graditur.

175 790 203 849 2.
223 787 327 862 Timet,
350 789 448 847 tremit

263 873 344 932 Elius
368 872 487 953 fugiens,

225 957 348 1032 Dormit,
371 959 454 1019 adest

263 1051 358 1103 eustos
377 1045 557 1123 subveniens,

220 1128 320 1188 Cibum
343 1129 426 1189 utere
507 1186 513 1191 .

262 1231 393 1274 somnum
416 1218 562 1275 excutiens

306 1302 345 1360 Et
368 1302 441 1361 viam
465 1303 599 1377 dirigens.

156 1387 190 1447 V.
217 1386 317 1463 Surge,
341 1389 445 1446 mande

259 1480 289 1531 et
310 1488 398 1546 perge
417 1474 557 1547 protinus,

216 1557 344 1616 Mentem
367 1566 443 1636 pete,

254 1644 325 1703 baeo
347 1645 388 1703 ait
409 1646 537 1718 angelus

163 1765 193 1825 3.
219 1763 305 1823 Viam
328 1764 405 1824 ritae

256 1866 379 1923 pergens
402 1849 528 1908 diluenlo

219 1933 271 1992 Vir
293 1934 398 1993 Tobiae

259 2035 322 2078 oum
344 2020 416 2078 lueis
437 2020 548 2094 angelo,

213 2104 313 2163 Manet
335 2112 420 2178 pater

257 2206 357 2248 caeous
379 2191 408 2249 in
432 2190 569 2249 clanculo.

215 2275 343 2335 Innitens
365 2275 467 2335 baculo

217 2361 341 2434 Magnus
362 2362 392 2419 in
414 2361 530 2435 populo.

151 2446 186 2508 V.
215 2445 374 2505 Decoratus

258 2532 334 2604 patri
357 2533 512 2610 reducitur,

216 2618 394 2676 Exeaeeotus

256 2703 354 2762 lumini
377 2704 512 2770 traditur.

129 2967 143 2985 ,
270 2928 311 2986 lu
334 2929 365 2988 2.
388 2927 591 2991 Nocturno.

342 3045 518 3111 Antiphonae.

158 3148 186 3207 1.
210 3148 244 3206 ln
269 3148 352 3219 hujus
373 3151 461 3207 muris
483 3149 617 3210 fluetibus

210 3233 249 3290 Et
271 3235 461 3306 procellarum
484 3233 599 3295 flatibus

642 245 852 310 ..41-

963 423 1148 490 Respousoria.

786 524 814 582 1.
837 523 870 581 In
894 523 1019 585 fornacis

880 609 960 684 ligati
982 613 1076 671 medio

838 692 970 769 Sidraoh,
993 698 1115 776 Misaoh,

878 788 994 841 sanetus
1016 783 1174 860 Abdenago

836 863 1036 927 Descendente

879 952 918 1010 ad
940 953 1018 1026 ipsos
1036 957 1138 1029 augeio
1193 1017 1194 1020 ,

836 1035 1005 1097 irrorantur

878 1121 994 1182 dnloore
1017 1126 1112 1188 nimio.

770 1203 804 1267 V.
829 1206 957 1281 Torquet
979 1208 1092 1271 flamm

877 1292 1037 1354 Chaldaeos
1060 1297 1210 1375 devorans,

835 1377 946 1437 Muloet
966 1387 1081 1441 sanctos

877 1465 915 1523 ad
939 1466 1052 1525 laudem
1074 1485 1242 1542 provocans.

783 1566 812 1624 2.
836 1565 930 1625 Pestis
953 1568 1073 1629 devorat
1094 1573 1229 1646 populum

834 1650 922 1725 Regis
944 1652 1039 1714 David
1061 1672 1115 1728 pro
1136 1659 1254 1728 seelera

833 1737 989 1797 Furentem
1011 1740 1093 1800 videt
1113 1744 1246 1820 angelum

832 1821 896 1883 Rex
918 1822 1068 1885 ferientem
1090 1845 1202 1901 aspere.

767 1905 803 1968 V.
829 1908 881 1966 hit
902 1909 1015 1969 David:
1046 1918 1052 1929 '

872 1995 959 2054 eorde
982 1997 1129 2073 oondoleo,

830 2077 934 2138 Statim
955 2081 994 2140 ud
1016 2082 1088 2141 haee

872 2166 1003 2237 parcitur
1024 2168 1130 2242 gladio.

776 2267 805 2324 3.
829 2264 904 2325 Dum
925 2275 1090 2342 sequentem
1105 2271 1181 2330 Loth
1196 2279 1330 2345 expectat

869 2351 1042 2413 Suadentem
1063 2357 1194 2431 angelum
1421 2357 1425 2367 '

828 2437 1027 2510 impellentem
1048 2459 1114 2501 mox
1135 2449 1304 2517 prospectat

869 2524 918 2583 Ad
941 2525 1094 2587 instantem
1114 2529 1230 2601 exitum,

827 2608 1039 2686 Prohibentem,
1060 2630 1097 2673 ue
1118 2618 1247 2688 tepeseat

870 2695 952 2756 Intra
973 2695 1044 2757 flues
1064 2699 1187 2761 urbium.

762 2777 797 2838 V.
824 2778 926 2839 Trahit
947 2797 1043 2842 secum
1063 2801 1170 2858 pauoos
1190 2786 1326 2862 olamans,

826 2864 959 2925 Civitatis
982 2869 1094 2942 eulpam
1117 2871 1255 2932 damnans

868 2951 1074 3014 Provoeantem
1099 2955 1260 3019 Dominum.

879 3141 920 3198 In
943 3143 973 3203 3.
995 3141 1206 3202 Nocturno.

952 3260 1128 3326 Antiphonae.

252 3319 418 3392 Exstinsuit
439 3335 534 3379 ensem
557 3323 669 3396 igneum
773 3361 800 3426 1,
823 3362 975 3423 neverant
995 3364 1073 3424 neus

250 3403 328 3463 Deus
350 3421 503 3478 persuum
525 3408 665 3481 angelum.

155 3526 183 3588 2.
207 3524 310 3584 Trahit
331 3525 368 3584 ad
394 3525 482 3584 robur
503 3526 591 3585 animi
660 3528 663 3533 '

250 3610 354 3670 Tutela
376 3611 468 3670 sancti
490 3612 592 3692 angeli,

206 3695 300 3755 Datur
319 3696 410 3755 virtus
433 3698 574 3757 conamini

248 3781 288 3840 Et
309 3783 393 3842 venia
415 3783 532 3856 piuouli.

153 3903 182 3963 3.
205 3901 379 3961 Exurdesoit

249 3988 299 4047 Ira
320 4003 384 4046 oum
405 3989 510 4062 gladio,

204 4071 381 4145 Expavesoit

248 4158 310 4217 Rex
333 4175 428 4218 eoram
451 4162 562 4235 angelo,

205 4241 253 4301 Sic
271 4245 393 4318 tepescit

245 4328 338 4388 Pestis
360 4331 390 4389 in
413 4332 529 4405 populo.

867 3449 977 3524 grands
998 3452 1165 3524 mysterium

823 3532 867 3591 De
889 3536 1021 3608 supernis
1043 3536 1161 3612 loquens

865 3635 918 3693 per
940 3637 1021 3680 suum
1042 3624 1185 3698 angelum.

770 3721 800 3783 2.
823 3721 922 3782 Verba
943 3719 998 3782 Dei
1020 3725 1131 3786 nuntiat

863 3807 949 3867 Fidei
971 3810 1009 3870 ad
1030 3810 1136 3886 lumen,

821 3891 870 3951 Sio
891 3910 909 3952 a
929 3899 1021 3955 morte
1043 3903 1159 3958 revocat

864 3977 961 4038 Gladii
983 3996 1111 4047 acumen.

767 4080 796 4139 3.
820 4079 953 4141 civitatis
973 4082 1048 4143 ostia

863 4168 991 4242 Angelus
1012 4170 1146 4248 custodit,

817 4250 862 4309 Ne
883 4252 1046 4313 subintrent
1070 4255 1149 4329 odia,

859 4337 975 4397 Murum
996 4342 1154 4413 anteponit.
