2918 4868
644 274 856 339 -gg-

138 452 143 459 '
169 453 197 510 3.
223 450 320 508 Sancti
333 449 463 509 Christus
479 449 603 522 probans
616 453 720 516 votum,

224 535 311 608 Quem
334 534 446 608 (luserit
461 535 547 594 coelis
567 536 722 608 admotum,

226 620 273 680 Illi
292 636 415 693 propere

226 708 313 766 Paret
335 705 494 764 ostendere.

346 841 532 906 Responsoriu.

172 928 200 988 1.
224 925 289 985 Jam
312 927 420 988 Christi
443 928 536 1000 pietas

261 1012 359 1071 Sancti
380 1012 536 1085 laboribus,

224 1098 313 1169 Quem
334 1098 417 1156 tersit
438 1099 569 1170 pluribus

260 1183 365 1242 Mundi
387 1183 521 1255 varietas,

223 1267 326 1326 Finem
348 1269 409 1327 vult
429 1285 546 1341 ponere,

226 1353 327 1413 Sinens
349 1370 500 1413 occanere

261 1439 414 1499 Ministros
435 1440 561 1516 sceleris,

222 1524 276 1597 Qui
297 1525 378 1583 illum
399 1541 523 1599 propere

262 1610 383 1669 Mittunt
403 1611 441 1669 ad
463 1611 588 1669 aetheris

307 1694 396 1754 Sedes
418 1697 518 1760 laetas.

165 1781 199 1840 V.
226 1779 359 1853 Magistri
381 1782 473 1854 gloria

226 1868 292 1927 Jam
314 1872 412 1924 saneto
435 1868 570 1938 cernitur,

224 1953 290 2012 Jam
312 1952 438 2025 gaudens
459 1951 565 2012 fruitur

226 2036 333 2096 Christi
355 2038 528 2111 praesentia,

227 2124 306 2195 Quae
328 2123 395 2181 huic
416 2122 521 2197 gaudia

227 2207 285 2266 Dat
306 2209 443 2281 perennia

265 2293 379 2368 Fugans
399 2300 499 2357 metas.

177 2398 206 2456 2.
230 2393 314 2453 Felix
338 2397 432 2474 tellus,
454 2394 527 2455 felix
551 2396 622 2473 dies,

229 2482 308 2552 Quae
329 2488 386 2541 tam
411 2482 500 2541 sacris
522 2482 609 2556 gestis
633 2481 704 2561 dies,

228 2566 314 2626 Unda
335 2568 449 2640 munda,
472 2567 552 2626 lacus
575 2567 677 2641 dignus

229 2653 347 2711 Sacrum
370 2653 461 2712 saneti
483 2658 579 2711 servat
602 2653 714 2730 pignus,

229 2738 398 2810 Depositum
421 2745 453 2797 ut
474 2739 597 2812 positum

266 2822 310 2881 Sit
332 2823 499 2897 retentum,

229 2908 290 2967 Nee
312 2909 406 2967 earnis
428 2909 498 2967 uitio

230 2994 291 3053 Nee
312 2995 376 3053 aevi
398 2994 492 3068 spatio

266 3079 472 3142 Deterendum.

166 3165 201 3225 V.
228 3167 346 3227 Herculi
367 3166 444 3224 salus

232 3251 350 3324 Repetit
372 3253 484 3325 pignus,

228 3338 329 3408 Later,
353 3346 383 3395 ut
407 3338 551 3410 competit,

229 3423 311 3494 Quod
334 3424 434 3496 tenuit,
457 3430 488 3481 ut
510 3421 615 3499 decuit,

272 3509 421 3569 Reddidit.

179 3614 210 3673 3.
234 3610 311 3670 Urbs
333 3609 445 3668 urbium
468 3610 635 3683 Hispaniae,

273 3696 383 3769 Gaude,
407 3696 522 3774 plaude,

231 3782 371 3840 Patronus
393 3786 458 3839 tuus
480 3781 565 3839 hodie

273 3869 389 3928 Summa
411 3867 495 3925 lande

315 3951 441 4024 Colitur,

230 4038 323 4112 Igitur
344 4036 436 4096 fidens
458 4038 532 4096 aude

231 4124 364 4196 Sperare,
386 4123 485 4196 procul
508 4122 594 4181 dubio

230 4209 311 4281 Quod
334 4207 450 4280 quaevis
473 4207 525 4266 sub
548 4209 677 4282 Eugeuio

230 4295 297 4354 Fiet
320 4294 374 4352 tibi
395 4294 504 4367 petitio.

104 4426 106 4430 .
169 4382 202 4443 V.
231 4382 341 4442 ocare
363 4380 425 4439 Deo
447 4377 587 4457 pontifex,

275 4467 299 4527 0
320 4482 431 4542 gemma
452 4465 624 4545 praesulum,

837 449 1040 507 Toletanurum
1061 444 1169 519 opifex,

878 535 962 593 Hunc
984 548 1051 606 rege
1071 532 1217 605 populum,

881 620 926 679 Da
950 617 1016 676 huic
1037 623 1067 676 te
1088 617 1227 676 sedulum.

915 757 956 816 In
980 753 1185 814 Laudibus.

969 855 1145 921 Antiphonac.

787 945 814 1005 1.
839 943 887 1004 Ad
910 949 1021 1017 patrem
1041 941 1209 1015 Dionysium

880 1029 1062 1090 Translatnm
1079 1043 1181 1100 eorpus
1197 1029 1342 1100 praesulis

840 1116 877 1174 In
899 1114 1011 1188 patriae
1032 1113 1208 1188 praesidinm

881 1200 974 1260 Clanis
996 1197 1077 1258 fulsit
1098 1198 1251 1264 miraculis.

786 1297 815 1355 2.
840 1293 914 1353 Nam
936 1293 1029 1354 Atilio
1052 1292 1173 1351 dilectus

883 1379 956 1453 Regi
978 1378 1090 1452 Pipino,

838 1467 865 1523 A
888 1464 1008 1524 medicis
1030 1464 1179 1537 neglectus

882 1550 961 1610 Nutu
984 1549 1081 1608 divino

924 1637 981 1696 Per
1002 1635 1077 1696 huuc
1099 1635 1251 1695 convaluit.

787 1732 815 1790 3.
839 1730 932 1802 Mille,
955 1729 1037 1788 miles
1060 1728 1166 1795 Caroli.

839 1815 940 1874 Jussns
961 1831 1064 1889 pagum
1088 1814 1164 1873 Dioli

884 1900 986 1971 Adire,

841 1985 942 2063 Sanus,
966 1990 1051 2058 prout
1071 1984 1169 2063 voluit,

881 2072 990 2129 Mersit
1009 2071 1113 2130 redire.

787 2166 816 2224 4.
841 2166 934 2226 Caeca
956 2165 1000 2224 bis
1022 2164 1157 2237 Ebroiea,

842 2250 924 2309 Caeci
947 2268 1052 2324 parens
1075 2257 1142 2308 nata
1163 2265 1248 2308 arens

885 2335 1004 2396 Publica

843 2422 919 2480 Voce
942 2422 1087 2494 egregium

843 2506 953 2565 laudat
978 2507 1148 2580 Eugenium.

789 2604 817 2660 5.
843 2601 1018 2659 'furonensis
1040 2601 1121 2657 miles
1144 2598 1321 2672 praedabilis

842 2688 887 2744 Ae
902 2685 1051 2759 superbus,
1069 2686 1095 2744 vi
1110 2683 1204 2744 factus
1217 2686 1344 2762 humilis,

841 2772 911 2831 Cum
935 2773 978 2829 bis
1001 2771 1103 2830 cobors
1125 2770 1345 2831 innumerabilis

840 2857 934 2929 HuJus
956 2856 1079 2931 insignia

841 2944 951 3004 emunt
974 2941 1136 3016 praeconia.

944 3060 984 3110 Ad
1002 3060 1168 3110 Benedictus.

778 3149 815 3208 A.
837 3149 921 3206 Alme
944 3154 1054 3221 martyr
1075 3154 1104 3205 et
1126 3146 1255 3221 insignis,

843 3235 866 3293 0
891 3233 1011 3306 Eugeni,
1036 3232 1084 3306 qui
1105 3233 1225 3306 insignis

844 3319 1012 3392 Hispaniam
1037 3324 1066 3376 et
1090 3318 1213 3378 Galliam

842 3405 992 3464 Miraeulis
1015 3411 1044 3462 et
1067 3403 1165 3478 signis,

841 3491 952 3550 Adesto
975 3487 1089 3548 famulis·

843 3575 1027 3648 Supplicibus
1050 3581 1079 3633 et
1101 3572 1234 3649 precibus

842 3661 921 3719 Fare
945 3661 1047 3736 dignis,

843 3747 977 3806 Adversa
998 3762 1155 3820 removens,

843 3833 969 3892 Devotos
991 3829 1132 3904 refovens,

843 3918 1019 3977 Subveniens
1040 3917 1180 3993 benignis

970 4023 1009 4084 dd
1027 4037 1152 4086 Tertiam.

779 4123 813 4183 It.
838 4123 1012 4193 Hodieruae,
1036 4139 1087 4180 rex
1109 4129 1235 4191 aeterno,

888 4209 998 4267 Adesto
1021 4207 1157 4279 laetitiae,

845 4295 925 4354 Servi
949 4294 990 4352 tui
1012 4294 1104 4352 saneti
1126 4294 1168 4352 tui

844 4383 1011 4440 interventu
1033 4385 1062 4437 et
1083 4379 1203 4439 obtentu

868 4538 870 4542 ι
888 4464 1007 4525 Gratiae
