2918 4868
651 269 885 333 -114—

182 452 211 513 3.
236 449 305 510 Cum
338 453 437 520 pastor
457 451 573 520 pontem
594 444 742 521 construit,
797 447 825 502 5.
850 442 897 501 Ad
921 447 950 498 te
971 440 1062 499 solum
1086 436 1272 510 confugimus,

233 533 277 592 De
299 539 386 606 ponte
408 533 506 605 lapsus
530 531 646 602 cormit,
852 530 940 601 Quem
965 526 1092 599 peccatis
1112 524 1290 597 offendimus,

234 618 283 677 Sic
305 624 460 691 praeparat
482 619 509 675 in
533 616 628 690 patria
850 614 937 671 Adsis
960 611 1105 684 parcendo
1127 611 1246 669 coelitus

232 704 355 763 Beata
376 703 488 762 nobis
510 702 658 776 gaudia.
852 698 952 757 Nune
973 703 1095 756 sancte
1117 695 1228 754 nobis
1250 697 1358 770 spiri·

1154 790 1222 840 lus·

183 913 213 970 4.
236 909 323 980 Cujus
345 909 464 967 obtentu
486 907 596 980 corrige
798 908 826 965 6.
850 904 895 963 Sit
916 903 978 961 laus
1000 902 1079 975 patri
1105 907 1134 959 et
1155 902 1274 975 proprio

232 994 331 1052 Mores
355 999 383 1051 et
405 1000 485 1052 actus
509 992 600 1064 dirige
851 991 922 1061 Ejus
944 994 1062 1046 aeterno
1083 987 1152 1060 filio,

235 1080 282 1138 Ad
307 1087 335 1136 te
358 1079 406 1152 pie
429 1077 620 1150 clamantium,
851 1073 940 1152 Simul
964 1090 1026 1131 oum
1049 1079 1147 1132 saneto
1167 1070 1281 1131 flamine

232 1165 404 1234 Christe,
430 1164 742 1237 redemptororn·
849 1159 988 1219 Gloria
1008 1159 1099 1231 tibi,
1124 1158 1293 1216 Domine.

537 1264 650 1311 nrum.
1002 1260 1005 1264 ·

248 1390 326 1436 Brev.
351 1386 507 1451 Urgellense
532 1387 595 1450 imp.
618 1385 738 1435 Venetiis
765 1380 838 1433 1487.
862 1381 892 1433 A.
919 1410 950 1418 -
974 1381 1090 1430 Prooess.
1118 1380 1272 1444 Urgellense
1296 1381 1358 1445 imp.

184 1451 255 1506 15··.
273 1457 303 1504 B.
321 1482 356 1489 -
374 1458 450 1505 brev.
470 1455 629 1505 Celsonenso
650 1455 712 1521 imp.
731 1452 958 1517 Caesaraugustae
979 1446 1051 1499 1514.
1070 1448 1098 1499 C.
1117 1475 1150 1483 -
1170 1446 1198 1508 6,
1223 1445 1235 1497 1
1251 1454 1278 1497 et
1295 1448 1361 1498 fehlt

182 1525 212 1575 C.
230 1551 263 1559 -
281 1522 305 1586 6,
324 1521 341 1572 2
359 1522 475 1587 Ejusqae
497 1523 546 1574 soli
564 1522 620 1573 filio
639 1518 667 1573 C.

571 1761 640 1861 nos
659 1804 698 1861 llo
716 1764 964 1877 rauemltrgsnio.

628 1959 660 2013 In
677 1958 758 2027 Vesp.
776 1964 804 2012 et
820 1957 905 2012 Laud.

182 2120 217 2180 1.
239 2118 323 2179 Nova
346 2119 486 2176 resultent
507 2118 611 2191 gaudia
798 2121 827 2177 4.
852 2119 968 2178 Fortem
991 2119 1129 2178 athletam
1151 2116 1273 2176 fortibus

236 2204 372 2263 Novitnte
394 2203 533 2276 solemnii,
850 2204 904 2260 Vir
927 2204 1149 2276 circumspectus
1172 2204 1280 2276 dirigit,

234 2289 316 2361 Quod
338 2306 392 2362 pro
414 2288 505 2348 sancti
527 2289 649 2361 Eugenii
850 2290 904 2360 Qui
922 2289 989 2349 dum
1012 2305 1124 2347 errores
1146 2289 1263 2363 corrigit

237 2375 337 2434 Palma
359 2373 450 2434 refert
472 2374 602 2449 ecclesia.
851 2375 934 2433 Cives
957 2373 1027 2432 facit
1049 2391 1084 2432 ex
1105 2375 1243 2437 hostibus.

187 2533 216 2593 2.
239 2530 349 2589 Doctae
371 2529 501 2587 alumnus
524 2529 663 2590 Gmeoiae
800 2535 828 2591 5.
852 2531 928 2602 Quos
952 2529 1039 2588 verbo
1060 2529 1146 2587 duros
1169 2531 1276 2602 reperit

233 2615 315 2673 Misit
338 2615 413 2671 huno
433 2613 598 2691 Dionysius,
853 2615 947 2673 Clanis
970 2621 1064 2672 movet
1086 2615 1232 2673 miraculis

236 2701 277 2760 Ut
298 2707 374 2758 esset
394 2700 463 2758 solis
486 2701 583 2758 radius
852 2702 891 2760 Et
913 2700 954 2757 sic
976 2701 1013 2758 ad
1038 2699 1123 2759 fidem
1147 2701 1261 2773 populis

236 2787 270 2845 ln
293 2785 420 2843 tenebris
442 2785 608 2858 Hispaniae.
853 2787 965 2844 Montes
988 2793 1171 2858 compunctas
1192 2787 1295 2859 aperit.

185 2944 214 3001 3.
236 2940 319 2998 Hanc
341 2955 422 2998 orror
444 2939 596 2997 idolatriae
800 2945 830 3002 6.
853 2941 982 2999 Toletum
1006 2941 1120 3014 praesul
1141 2941 1266 3014 inolitus,

241 3025 289 3083 Sic
309 3025 378 3083 olim
400 3023 604 3098 obstinaverat,
852 3028 912 3097 Quo
936 3026 1050 3099 vigebat
1073 3027 1221 3099 spurcitia,

237 3111 319 3183 Quod
341 3110 470 3168 veritatis
492 3112 594 3170 oderat
852 3118 878 3169 A
904 3113 975 3169 ritus
996 3112 1177 3171 immunditia

238 3196 369 3255 Caltores
391 3202 419 3254 et
439 3196 577 3268 iustitiae.
852 3199 909 3257 Per
931 3196 1017 3255 iidem
1039 3196 1110 3255 lavit
1133 3199 1258 3270 penitus.

544 3334 570 3393 7.
595 3333 652 3393 Uni
676 3333 808 3406 muoque
830 3333 952 3391 Domino

595 3418 640 3478 Sit
662 3419 733 3496 laus,
757 3419 848 3478 virtus
871 3426 900 3476 et
922 3419 1023 3492 gloria,

599 3504 686 3577 Cujus
708 3504 770 3563 sola
792 3505 921 3576 potentia

596 3588 683 3647 Nullo
709 3590 834 3648 vallatur
855 3591 985 3648 termino.

254 3729 330 3775 Brov.
354 3725 510 3777 Toletanum
538 3742 605 3776 saec.
633 3723 672 3776 14.
702 3725 764 3777 cod.
788 3727 920 3776 Matriten.
946 3727 984 3775 Ff.
1016 3724 1071 3776 147.
1097 3728 1126 3776 Α.
1154 3754 1189 3763 -
1211 3728 1288 3778 Brev.
1315 3745 1363 3778 ms.

185 3794 341 3845 Toletanum
361 3810 428 3844 saeo.
450 3792 488 3843 14.
508 3795 570 3845 Cod.
590 3795 675 3860 Capit
693 3795 814 3844 Toletani
833 3789 926 3844 33-6.
947 3797 975 3845 B.
995 3824 1026 3831 -
1046 3797 1121 3845 llrev.
1140 3812 1187 3844 ms.
1207 3797 1364 3847 Toletanum

187 3879 254 3913 saco.
277 3861 315 3912 15.
335 3862 397 3912 Cod.
417 3864 501 3928 Capit.
521 3864 643 3914 Toletani
660 3859 754 3914 33-9.
775 3864 804 3913 C.
823 3889 855 3897 —
875 3867 950 3913 lirev.
970 3881 1016 3913 ms.
1034 3865 1190 3914 Toletauum
1210 3880 1277 3915 saec.
1297 3862 1363 3916 ¹⁴lro.

186 3930 248 3982 cod.
269 3934 347 3984 Univ.
365 3933 499 3982 Matriten.
521 3927 555 3982 48
576 3929 686 3994 (92-1).
706 3933 739 3982 Ι).
764 3958 799 3967 -
817 3933 893 3982 Brev.
919 3949 966 3981 ms.
984 3934 1134 3983 Oxomenso
1155 3948 1222 3984 saec.
1243 3931 1282 3984 15.
1301 3933 1364 3985 cod.

189 4001 275 4065 Capit.
294 4000 419 4051 Oxomen.
438 4018 458 4049 s.
477 4017 502 4049 u.
521 4000 552 4049 Ε.
567 4027 596 4033 -
617 4003 692 4051 Brev.
710 4000 866 4051 Toletanum
885 4002 948 4065 imp.
970 4003 1088 4051 Venetiis
1109 3997 1181 4051 1483.
1194 4004 1222 4053 F.
1243 4029 1275 4036 -
1287 4004 1364 4053 Brev.

186 4069 341 4118 Toletanum
367 4072 428 4135 imp.
453 4069 571 4118 Venetiis
598 4066 670 4119 1492.
696 4071 727 4120 G.
752 4095 784 4103 —
810 4071 884 4119 Brev.
903 4070 1058 4120 Toletanum
1083 4072 1145 4135 imp.
1165 4072 1270 4136 Hispali
1291 4069 1364 4121 1493.

186 4137 221 4186 11.
239 4162 273 4173 -
293 4139 367 4186 Brea.
385 4137 541 4188 Toletanum
559 4139 620 4202 imp.
639 4139 759 4188 Venetiis
780 4135 852 4188 1506.
870 4139 892 4187 1.
911 4163 944 4172 -
957 4141 1032 4189 Brev.
1044 4139 1200 4189 Toletanum
1220 4141 1281 4205 imp.
1299 4143 1365 4207 Lug·

185 4204 250 4340 111114ιέ
268 4203 402 4324 11550511ἑ1.
426 4232 461 4241 -
480 4208 555 4255 Brev.
573 4206 704 4258 Gienense
727 4208 788 4272 imp.
808 4206 915 4272 Hispali
943 4204 1014 4258 1528.
1033 4209 1064 4257 L.
1090 4234 1120 4242 —
1140 4209 1215 4257 Brev.
1235 4209 1366 4259 Gieuonse
