2918 4868
623 276 856 346 -171-

216 443 336 519 Semper
356 446 394 506 ad
416 455 543 521 optatam

253 531 374 593 tendens
393 535 547 609 sedemque
568 538 690 618 beatam,

211 615 295 676 Unde
318 615 373 676 fuit
395 634 472 693 cura,

254 703 304 761 dat
325 703 400 762 enim
422 705 477 764 sibi
500 708 560 768 vita
583 707 695 784 iutura3

145 785 180 843 V.
210 787 274 846 Non
297 789 334 846 de
356 792 478 850 terrenis

253 873 308 931 sibi
331 892 400 934 cura
423 874 487 954 tuit,
510 879 561 938 sed
585 883 681 954 egenis

210 960 360 1031 Applicuit
386 968 509 1021 utentem

252 1046 388 1104 coelestin
409 1051 667 1122 concupiscentem.

267 1217 308 1275 ln
332 1219 361 1277 3.
385 1218 590 1280 Nocturno.

340 1335 517 1402 Antiphonae.

156 1435 184 1496 l.
206 1435 281 1495 Huic
304 1436 359 1497 tuit
380 1448 466 1514 atque
488 1444 555 1516 pilis

764 458 798 521 V.
825 458 902 517 Hinc
923 460 1018 538 cessit,
1042 469 1193 536 postquam

871 545 915 604 vir
936 551 1052 607 sanctus
1068 549 1147 606 venit
1160 551 1199 611 ad
1214 553 1325 626 0scam,

828 630 912 689 Felix
934 631 964 689 in
987 631 1102 693 cbristo

872 718 968 776 saeclo
990 718 1124 792 migravit
1145 720 1181 779 ab
1204 723 1269 785 isto.

773 837 802 898 3.
825 835 1039 909 aerumpnis,
1063 840 1194 899 coelestis
1216 843 1300 902 adest

870 921 983 995 chorus,
1006 923 1118 983 intonat
1139 927 1247 1001 aether,

825 1007 941 1065 Deserit
962 1009 1040 1068 invia
1061 1011 1113 1082 sol,

866 1093 978 1152 sistitur
999 1110 1065 1154 arce
1087 1096 1163 1169 poli;

825 1178 994 1250 Agminibus
1017 1181 1108 1239 sacris

868 1264 994 1323 sociatur
1015 1266 1044 1324 in
1066 1266 1139 1325 aede
1161 1286 1295 1345 superna,

825 1348 906 1406 Mors
928 1349 985 1408 sibi
1007 1351 1067 1410 vita
1089 1360 1193 1428 manet,

868 1434 966 1494 debita
987 1436 1069 1495 lucra
1090 1444 1177 1499 tenet.

250 1525 337 1582 vestis
349 1526 550 1587 circumcincta
561 1534 619 1588 tam
632 1532 707 1604 vilis,
759 1517 795 1576 V·
822 1519 926 1578 0¹1¹ssOE
947 1521 1078 1596 gaudete,

208 1608 283 1666 Usus
306 1611 359 1668 sub
384 1613 487 1684 paonis

248 1711 282 1751 ac
304 1703 427 1768 quatuor
448 1705 550 1771 quater
571 1701 653 1759 aunis

206 1778 319 1839 Devota
341 1787 435 1840 mente

248 1866 310 1922 solo
333 1869 452 1927 custode
473 1870 591 1932 sciente.

153 1966 182 2024 2.
205 1966 355 2042 Jejunans,
378 1987 473 2042 orans,

245 2053 383 2133 vigilans,
432 2058 544 2129 patiens
594 2077 706 2136 quoque

496 2144 624 2219 plorans,

205 2221 325 2295 Spiritui
348 2233 447 2285 sancto

248 2305 303 2367 fuit
325 2317 410 2385 aptus
433 2330 550 2374 munere
571 2321 661 2380 tanto.

152 2411 181 2469 3.
204 2409 334 2486 Denique
356 2414 401 2474 vir
425 2423 549 2495 sanctus,

247 2497 321 2571 pius,
338 2499 376 2558 ad
392 2500 467 2561 bona
479 2505 588 2564 coelica
596 2512 703 2581 tantus,

204 2583 275 2642 Cum
298 2586 405 2657 populo
428 2586 537 2647 Christi

247 2670 366 2729 solantis
389 2689 468 2731 more
490 2676 618 2750 magistri

204 2753 276 2826 EJus
297 2756 351 2814 sub
373 2764 452 2817 sorte

244 2843 375 2914 pervenit
398 2844 533 2904 Malacha
554 2843 639 2911 toric.

326 2978 511 3043 Respousoria

150 3077 178 3137 1.
203 3079 255 3138 Vir
276 3087 392 3140 sanctus
414 3085 469 3143 rite

244 3181 375 3225 reserans
397 3169 502 3229 solatia
524 3171 600 3231 vitan

202 3250 249 3309 Ad
273 3251 386 3325 dignam
404 3261 524 3313 mortem

242 3338 700 3407 rocathocsermonecobortem:

200 3419 304 3482 Sancte
327 3425 401 3484 velle
423 3426 504 3499 mori,

238 3509 320 3568 nobis
343 3511 482 3585 contingit
505 3514 621 3592 honori;

135 3592 170 3654 V.
198 3594 256 3653 Vos
278 3611 346 3669 ergo
368 3597 454 3655 morti

242 3686 407 3740 constanter
429 3682 532 3742 robore
556 3682 634 3763 forti,

198 3762 325 3825 Vulnera
348 3767 438 3827 cruda
459 3770 530 3846 pati,

242 3846 357 3926 fratres,
380 3859 472 3913 estote
494 3857 598 3928 parati.

146 3952 175 4010 2.
197 3951 280 4012 Talia
302 3954 369 4014 dum
393 3962 508 4031 tractat,

241 4038 308 4097 dum
331 4042 406 4100 vitae
428 4044 537 4104 semina
555 4045 655 4122 iactat,

196 4124 346 4197 Temporis
367 4127 404 4186 ad
427 4136 518 4188 metas

242 4210 319 4269 illius
341 4216 473 4285 pervenit
494 4222 583 4294 aetus,

196 4292 320 4354 Humani
343 4291 430 4356 moris

240 4382 354 4442 morbos
375 4384 514 4457 patiendo
536 4386 654 4452 doloris.

865 1622 939 1680 quae
962 1607 1068 1666 dantur
1088 1608 1179 1684 lucro,
1204 1613 1308 1693 videte,

820 1691 898 1763 Quae
919 1699 985 1750 sunt
1007 1690 1086 1752 felici

861 1778 989 1849 praemia
1011 1778 1148 1852 pontifici.

899 1982 941 2041 ln
965 1982 1171 2048 Laudibus.

953 2101 1129 2167 antiphonae.

770 2201 796 2262 1.
822 2203 939 2262 Praesul
961 2205 1149 2282 Raimundus,

862 2306 880 2347 a
902 2296 1004 2350 cuncto
1026 2293 1145 2352 crimine
1167 2299 1299 2374 mundus,

822 2373 919 2434 Olaret
937 2376 967 2434 in
990 2376 1044 2437 hac
1066 2380 1134 2450 vita,

863 2461 934 2519 coeli
957 2469 1141 2525 marciarce
1162 2469 1261 2541 polita

768 2582 797 2642 2.
816 2580 918 2640 Surdis
940 2582 1079 2656 auditum,

863 2673 981 2741 reparat
996 2670 1106 2729 claudis
1116 2688 1227 2747 quoque
1237 2693 1317 2750 gres·

818 2838 876 2896 Dat
900 2839 993 2897 caecis
1015 2773 1184 2914 visumfum’

863 2924 913 2983 dat
931 2925 1075 2985 debilibus
1090 2944 1201 3002 quoque
1215 2931 1317 2992 nisum.

766 3045 795 3104 3.
819 3043 971 3103 Abstrabit
992 3045 1119 3105 inclusos

861 3128 983 3190 obscuro
1006 3148 1121 3191 carcere
1143 3139 1246 3215 trusos,

819 3214 889 3276 Ulla
911 3215 966 3274 sibi
989 3233 1091 3291 poena,

859 3317 916 3359 uon
938 3309 983 3359 est
1005 3302 1134 3375 dijuncta
1156 3312 1264 3369 catena

764 3423 794 3480 4.
817 3420 946 3480 Plurima
967 3437 1133 3496 perpessum

860 3505 917 3565 cito
931 3513 1014 3567 sanat
1029 3507 1166 3569 daemone
1177 3528 1304 3586 pressum

818 3590 912 3651 Noxia
935 3598 1037 3653 cuncta
1059 3592 1148 3670 fugat,

860 3678 916 3737 sibi
937 3679 1101 3741 morbomm
1122 3682 1193 3742 nihil
1209 3685 1313 3748 obstat.

762 3801 791 3858 5.
814 3798 893 3872 Ergo
915 3799 1057 3878 laudetur,

856 3882 935 3942 Deus
957 3902 973 3943 n
996 3889 1106 3945 cunctis
1128 3897 1288 3967 veneretur,

814 3968 897 4028 Tutia
919 3971 968 4043 qui
990 3977 1089 4032 sancta

857 4055 928 4115 dare
950 4056 1085 4130 dignatur
1105 4060 1274 4121 Rnimundo.

1306 3563 1314 3594 i

916 4207 958 4258 Ad
979 4209 1145 4262 Benedictus.

749 4309 787 4369 A.
810 4308 926 4370 (laudet
947 4314 1069 4374 ecclesia

857 4395 909 4456 tali
932 4397 1025 4460 ditata
1046 4401 1157 4475 sophia,
