2918 4868
612 269 826 334 ..28-

557 472 583 529 3.
618 472 657 530 lie
674 472 786 529 Nomine
804 472 881 530 Jesu.

638 591 681 645 Ad
698 592 813 646 Laudes.

136 721 164 781 1.
188 719 295 777 Noster
317 718 418 777 chorus
441 718 616 776 modulatum
749 720 777 780 3.
801 716 927 774 Auditur
948 716 988 774 nil
1008 716 1172 788 jucundius,

188 804 298 862 Psallat
319 806 417 864 iesum
440 802 598 876 magnifice,
803 802 923 863 Gauitur
944 803 986 859 nil
1008 802 1122 860 suavius

188 889 235 948 Ab
261 889 382 947 excelsis
405 890 575 965 derivatum,
802 888 863 945 Nec
886 888 1026 960 cogitatur
1049 887 1169 965 dulcius,

186 975 331 1047 Hymuum
353 992 456 1033 novum
480 974 617 1033 laetitiae.
801 975 889 1043 Quam
912 989 947 1030 ex
970 973 1048 1030 coelo
1070 989 1173 1031 nomen
1194 971 1288 1030 iesus.

136 1081 166 1138 2.
189 1077 309 1136 Gratum
330 1093 431 1135 nomen
455 1071 582 1155 [nomen]
605 1078 685 1152 Jesu,
749 1079 779 1135 4.
802 1075 878 1133 Laus
901 1075 978 1147 patri
1000 1075 1038 1132 sit
1058 1075 1194 1151 ingenito,

190 1163 291 1222 Dulcis
314 1164 375 1234 ejus
397 1162 569 1235 praesentia,
805 1161 881 1218 Laos
905 1162 966 1232 ejus
988 1161 1133 1234 unigenito

190 1248 292 1307 Cordis
316 1254 394 1306 certa
416 1264 482 1320 spes
505 1248 647 1306 devenio
804 1246 880 1303 Laus
903 1248 938 1303 sit
962 1254 1061 1304 sancto
1083 1247 1197 1319 spiritui

193 1333 273 1392 Dans
296 1335 422 1406 gustanti
445 1349 513 1393 vera
535 1333 647 1405 gaudia.
804 1332 843 1389 Et
865 1332 1005 1390 altissimo
1023 1333 1138 1391 nomini.

205 1453 280 1501 Brev.
300 1452 566 1517 Compostellunum
559 1468 621 1515 imp.
640 1452 795 1515 Ulisiponae
817 1448 889 1499 1497.
909 1451 990 1498 A.-
1009 1451 1083 1500 Brev.
1103 1452 1258 1500 Aurienao'
1251 1467 1313 1515 imp.

139 1520 317 1570 Salmantieae
338 1517 410 1570 1501.
430 1522 511 1569 B.-
532 1519 559 1579 l,
578 1517 776 1569 2JesnB.—
795 1516 824 1579 2,
843 1515 916 1582 Suq.
936 1518 1048 1568 baben
1041 1535 1069 1567 ιιι
1087 1519 1181 1568 beiden
1200 1519 1312 1581 Quellen

141 1591 200 1638 eine
218 1589 291 1639 Silbe
304 1604 336 1637 zu
355 1589 467 1637 viol-
486 1586 512 1649 4,
527 1587 538 1637 l
558 1591 628 1653 patri
646 1588 729 1637 sitd

562 1805 589 1861 4.
627 1805 666 1862 De
684 1805 795 1863 Nomine
812 1805 888 1861 lesu.

639 1924 682 1978 Ad
699 1923 813 1979 Laudes.

146 2053 174 2111 1.
197 2053 277 2122 lesu,
300 2066 350 2109 rex
374 2052 601 2123 clementissime,
755 2053 783 2111 3.
807 2052 916 2110 Nomen
939 2052 993 2109 libi
1015 2052 1192 2128 elementiae,

195 2137 237 2194 Da
258 2136 356 2207 robur,
380 2134 424 2195 ier
446 2138 591 2208 auxilium,
806 2138 906 2212 Dulce,
930 2154 1026 2210 suave,
1049 2138 1180 2208 amabile,

193 2222 234 2281 Ut
256 2223 349 2296 dignis
372 2230 421 2281 tuo
443 2223 551 2281 nomini
808 2224 890 2294 Quod
913 2224 1032 2282 laudant
1053 2240 1150 2282 omnes
1173 2224 1266 2296 augeli

195 2307 303 2366 Laudis
326 2324 460 2366 canamus
482 2309 583 2370 titulis.
808 2309 847 2367 Et
869 2309 1015 2368 beatorum
1038 2310 1165 2383 spiritus,

146 2413 175 2470 2.
198 2410 308 2469 Nomen
331 2410 383 2467 libi
405 2412 559 2484 potentiae,
757 2415 786 2471 4.
809 2411 920 2468 Nomen
943 2411 995 2469 tibi
1015 2419 1172 2485 perpetuae

197 2497 350 2554 Excelsum
372 2507 401 2553 et
423 2496 561 2567 terribile,
811 2496 917 2554 Salutis
939 2504 1024 2570 atque
1046 2499 1163 2570 gloriae,

195 2581 247 2639 Cui
269 2597 352 2640 omne
373 2596 447 2654 genu
469 2580 603 2657 flectitur,
811 2583 868 2640 Per
889 2582 965 2655 quod
988 2588 1083 2640 coetus
1105 2581 1232 2641 fidelium

195 2668 276 2738 Quod
301 2673 388 2738 pavet
410 2665 494 2724 turba
517 2667 694 2724 daemonum.
811 2667 932 2738 Oportet
953 2668 1046 2725 salvos
1069 2668 1141 2729 fieri.

552 2768 652 2826 Gloria
673 2769 735 2844 tibi,
758 2768 888 2830 Domine.

214 2888 288 2936 Brev.
307 2884 547 2950 compostellanum
567 2889 628 2952 imp.
648 2886 825 2937 salmanticae
846 2883 918 2937 1569.

573 3103 599 3161 5.
629 3103 667 3160 llo
685 3101 797 3161 lloiuine
817 3101 892 3159 lesu.

631 3225 675 3280 Ad
692 3226 835 3297 vesperas.

335 3352 363 3413 1.
387 3350 496 3409 Nomen
519 3350 662 3408 excelsum
683 3350 800 3410 Domini
824 3369 967 3426 canamus,

393 3437 474 3507 Quod
496 3452 712 3510 supergressum
734 3454 822 3511 super
845 3455 928 3497 omne
950 3456 1051 3498 nomen

391 3522 487 3582 Altius
509 3522 619 3580 cunctis
641 3522 773 3582 volitavit
793 3524 870 3583 ultra

436 3608 539 3668 Sidera
562 3608 642 3668 eoeli.

338 3732 365 3789 2.
389 3729 434 3787 De
455 3729 519 3787 sinu
540 3729 633 3802 patris
654 3728 770 3787 verbum
793 3730 930 3804 exsilivit,

392 3815 474 3886 Quod
498 3812 552 3872 iuit
573 3830 687 3888 semper
708 3815 799 3873 minus
821 3816 897 3875 baud
920 3822 1049 3889 parente,

393 3900 433 3959 Et
454 3907 554 3973 petens
575 3906 667 3958 terras
689 3900 777 3959 subiit
798 3902 932 3974 pudieam

437 3985 563 4059 Virginis
586 3986 690 4048 alvum.

336 4109 365 4168 3.
388 4105 428 4165 Et
449 4123 515 4165 earo
537 4104 644 4164 factum
666 4105 799 4165 tenebras
819 4106 916 4180 abegit

393 4191 501 4250 Mentis
522 4192 662 4251 humanae
685 4191 836 4266 docuitque
857 4209 925 4251 vere

394 4277 455 4337 Nos
477 4278 532 4336 Dei
554 4278 660 4336 cultum
680 4277 758 4338 Deus
780 4278 852 4350 ipse,
874 4281 969 4351 iesus,

436 4364 579 4424 Maximus
600 4369 709 4424 auctor.
