2918 4868
629 275 879 341 ·-1eo-

589 477 648 533 272.
683 474 722 533 lle
740 477 837 533 saneto
854 475 964 533 Jooobo.

671 614 713 668 Ad
731 615 872 683 Vesperes.

186 754 213 813 l.
236 755 314 813 Luoe
334 755 442 815 micans
464 770 610 828 purpurea
801 759 830 817 4.
854 755 1042 827 Apostolotus
1066 753 1189 812 eulmine

237 839 307 897 Dies
329 839 424 898 illuxit
445 856 536 913 roseo,
852 842 936 901 Justo
959 837 1095 898 fundatus
1117 838 1228 908 ordine,

237 927 315 998 Quae
338 926 374 984 de
395 926 502 985 uirtute
524 925 669 1000 sanguinis
855 925 935 983 Vidit
955 925 984 982 in
1007 924 1114 987 christi
1137 921 1211 983 socie

240 1010 331 1070 Sumit
354 1016 535 1085 augmentum
557 1011 683 1075 luminis.
853 1010 993 1073 coelestis
1014 1007 1135 1069 formem
1155 1007 1273 1083 gloriae.

184 1151 211 1207 2.
235 1146 347 1207 Effudit
369 1147 467 1206 orbem
488 1149 572 1208 rudio
803 1152 830 1210 5.
854 1149 932 1208 Rure
955 1147 1069 1220 benigni
1091 1147 1210 1220 spiritus

240 1233 294 1292 Pio
315 1233 417 1292 Jnoobi
440 1235 544 1306 passio,
852 1233 1015 1293 Inebriatus
1037 1233 1165 1300 coelitus,

238 1318 292 1389 Qui
316 1317 353 1377 de
375 1319 459 1392 spine
480 1319 603 1381 Judeica
854 1319 1041 1391 Hermogenis
1064 1317 1220 1390 praestigio
1290 1391 1293 1396 Ι

238 1403 316 1462 Rosa
338 1404 472 1477 prorupit
494 1404 611 1464 coelice.
856 1404 944 1462 Verbi
966 1403 1052 1462 solvit
1074 1401 1211 1476 potentin.
1287 1399 1289 1404 ’

188 1543 216 1601 3.
240 1540 326 1599 tlara
348 1546 498 1613 parentum
521 1542 595 1599 serie
803 1546 832 1603 u.
857 1541 980 1599 Herodis
1004 1539 1093 1598 cruda
1115 1538 1195 1596 rabie

241 1623 346 1683 Affinis
371 1627 429 1701 regi
453 1627 571 1701 gloriae,
855 1626 1043 1698 Decapitstus
1067 1624 1152 1682 bodie

241 1711 372 1783 Proque
395 1714 489 1770 curnis
511 1708 650 1784 subsidio,
856 1714 912 1771 Per
934 1711 1051 1769 calicem
1072 1709 1204 1782 martyrii

240 1796 354 1854 Patrem
379 1797 462 1870 liquit
484 1804 512 1856 et
536 1798 618 1858 retis.
857 1798 996 1856 Coronam
1019 1795 1140 1868 sumpsit
1163 1793 1264 1854 bravii.

586 1919 614 1981 7.
638 1918 758 1976 Aeterni
780 1923 862 1990 peter
878 1915 931 1975 filii

637 2004 707 2062 Cum
729 2003 833 2076 spiritu
855 2002 951 2061 solatii

636 2088 697 2147 Nos
718 2088 820 2148 Jacobi
842 2087 977 2160 suffragio

637 2174 716 2234 Coeli
741 2181 860 2247 reponet
882 2173 963 2231 solio.
998 2211 1002 2220 -

254 2311 329 2360 llrev.
349 2326 395 2359 ms.
415 2309 644 2375 Calagurrituuum
663 2325 731 2360 esee.
753 2307 790 2360 15.
811 2309 872 2359 Cod.
893 2309 1079 2359 Sulmeutieeu.
1099 2304 1154 2356 ise.
1174 2308 1206 2356 Α.
1224 2333 1255 2343 ν·
1271 2307 1366 2357 liiurn.

184 2394 231 2426 ms.
244 2379 408 2444 legionense
424 2392 491 2429 saee.
506 2376 545 2428 15.
564 2378 627 2428 cod.
637 2378 723 2444 Capit.
734 2381 878 2444 Legionem
891 2373 932 2428 86.
947 2379 975 2427 ll.
990 2402 1020 2410 -
1035 2376 1110 2426 Brev.
1121 2374 1289 2425 Cordubense
1302 2377 1365 2438 imp.

185 2448 291 2510 Hispali
314 2444 387 2497 1524.
407 2448 435 2497 C.
456 2476 488 2484 -
507 2449 582 2498 Brev.
596 2448 826 2512 Celugrrrritanum
844 2452 871 2496 et
881 2447 1009 2496 Jneeense
1029 2447 1091 2510 imp.
1102 2445 1229 2494 Luurouii
1245 2439 1318 2493 1584.
1332 2443 1366 2492 1).

585 2696 644 2755 273.
681 2697 719 2754 lle
736 2698 833 2755 saneto
850 2695 961 2754 looobo.

655 2835 698 2890 Ad
715 2835 888 2891 Nocturnum.

184 2976 212 3036 1.
237 2975 341 3048 Fulget
362 2975 424 3034 dies
446 2975 592 3054 vintorise,
802 2981 833 3039 4.
856 2977 941 3037 Hunc
963 2978 1087 3050 primum
1110 2993 1145 3035 ex
1167 2976 1307 3050 apostolis

236 3062 297 3132 Quo
319 3061 454 3133 Jaoobus,
477 3059 529 3120 llos
552 3062 670 3136 gratioe,
850 3063 926 3122 Dum
949 3063 1120 3121 dissentitis
1142 3061 1277 3135 dyscolis,

237 3144 390 3205 Confessus
413 3152 509 3206 ustum
532 3147 651 3223 virginis
852 3148 964 3206 Furens
986 3148 1118 3207 Herodes
1141 3147 1238 3222 gladio

237 3232 348 3290 Statum
372 3232 490 3306 deponit
512 3232 643 3293 bominis.
852 3234 932 3293 Tulit
954 3234 1090 3294 emundi
1113 3233 1217 3294 studio.

185 3369 212 3430 2.
237 3368 395 3427 Gallilneus
417 3369 561 3444 indigene,
800 3376 828 3433 5.
854 3372 921 3431 Plus
942 3371 1101 3445 quantitate
1123 3371 1210 3444 pretii

237 3454 314 3513 Ciris
337 3454 418 3526 coeli,
447 3472 503 3514 non
523 3455 645 3526 advena,
854 3457 982 3530 Sumpsit
1004 3457 1033 3515 iu
1056 3455 1180 3516 iruetom
1202 3456 1333 3528 praemii,

236 3540 317 3598 Dans
339 3539 436 3614 Moysi
458 3540 609 3613 repudium
855 3543 928 3601 Nom
950 3542 1027 3615 quod
1049 3543 1183 3616 simplum
1205 3558 1282 3600 mors
1298 3541 1364 3599 abs-

236 3624 353 3683 Trensit
373 3625 412 3684 ed
434 3626 622 3698 euangelium.
1157 3627 1233 3699 tulit,

855 3713 1026 3787 Gentuplum
1048 3728 1158 3772 merces
1181 3712 1321 3773 reddidit.

184 3851 213 3909 3.
240 3846 336 3920 Liquit
358 3862 453 3906 rerum
475 3847 673 3922 substantium,
800 3853 829 3912 6.
853 3850 898 3911 Sit
918 3852 980 3910 leus
1002 3857 1119 3910 aeterno
1142 3851 1259 3923 numiui,

237 3934 362 4005 Patrem,
385 3937 456 4003 rete,
479 3933 649 4007 naviculam,
850 3938 940 4010 Petri,
963 3941 1086 4010 notoque
1107 3935 1225 4010 flumini,

236 4018 423 4090 Apostolatus
440 4018 568 4093 pondere
854 4023 907 4094 Qui
930 4038 984 4096 per
1005 4022 1108 4084 Jooobi
1129 4024 1250 4096 gretiam

238 4103 347 4164 Christi
371 4104 513 4164 dotandus
534 4121 661 4164 munere.
855 4108 963 4180 eulpae
987 4109 1036 4166 det
1058 4107 1140 4166 nobis
1162 4109 1283 4169 renium.

252 4240 327 4288 llrev.
346 4254 393 4287 ms.
414 4236 643 4305 Calagurritauum
662 4258 729 4292 esee.
750 4239 790 4292 15.
813 4243 876 4294 cod.
896 4242 1084 4292 Sulumutieen.
1105 4240 1160 4294 186.
1180 4245 1211 4294 Α.
1229 4273 1264 4280 -
1287 4246 1364 4294 Brev.

183 4306 350 4388 Cordubense
370 4309 435 4427 imp.
461 4311 567 4374 Hispuli
593 4306 665 4359 1524.
689 4311 719 4360 lt
742 4335 776 4344 -
800 4313 875 4363 Brev.
899 4310 1130 4376 Culsgumitaunm
1156 4318 1181 4361 et
1199 4312 1365 4364 Osleinteuse

183 4392 244 4441 imp.
262 4374 387 4425 Lueronu
423 4373 481 4428 534.
500 4379 529 4430 C·
1218 4410 1220 4414 Α
