2918 4868
683 280 914 344 -146-

214 455 242 514 3.
266 453 456 514 Praedicator
476 469 530 527 per
551 454 696 512 saeculum
828 457 858 514 4.
881 453 984 527 Spreta
1007 458 1121 512 terreno
1143 453 1262 527 pulvere
1312 465 1325 491 ³

265 539 359 613 Digna
382 538 499 597 coelesti
518 539 599 611 solio,
882 539 1043 613 Imperialis
1067 538 1198 597 culminia

263 625 337 697 Quia
358 624 480 683 retraxit
502 624 628 682 animum
709 674 713 679 .
879 624 977 698 Elegit
998 639 1108 697 pauper
1130 624 1228 683 vivere

263 711 291 770 A
308 709 450 773 ‚vanitatis
471 707 549 769 folio.
882 709 1024 783 Exemplo
1046 709 1153 771 Christi
1176 709 1321 783 pauperis.

449 887 451 890 y
555 815 599 872 ⁴5.
624 812 699 871 Laus
721 812 808 889 patri,
832 816 908 888 nato,
931 809 1049 873 flamini.

280 931 357 981 Brev.
375 929 649 998 Caesaraugustanum
673 933 710 985 im
758 946 779 983 u.
803 930 821 981 l.
844 935 870 981 et
887 947 911 981 a.
936 932 1064 994 (venetiis
1085 927 1167 994 1496).
1188 957 1219 965 -
1237 927 1262 990 3,
1280 927 1297 981 3
1316 933 1389 993 Quae

214 1001 330 1050 retraxit
349 1026 382 1034 -
401 995 426 1061 3,
444 996 462 1051 4
480 1000 529 1051 lieo
549 999 636 1050 solio?
655 1026 689 1036 -
723 1037 730 1062 ‚
751 996 768 1050 3
786 1015 927 1065 pauperem
945 1001 1043 1050 vivere.

608 1153 993 1263 ¹2113.'ilesunctullclona

714 1309 758 1364 Ad
775 1309 891 1365 Laudes.

218 1437 247 1499 1.
269 1435 385 1493 Promat
407 1450 460 1508 per
480 1435 579 1493 mnndi
602 1435 762 1495 machinam
831 1439 860 1498 3.
883 1436 1027 1494 Virtutum
1050 1434 1238 1507 thesauraria,

268 1518 378 1579 Novae
391 1519 485 1579 landis
507 1520 618 1578 laetitia
882 1521 1059 1580 Thesaurum
1081 1536 1198 1580 servans
1220 1521 1338 1595 regium,

233 1654 234 1659 ,
271 1605 495 1679 Imperatricem'
509 1605 650 1665 Helenam
882 1608 907 1666 A
932 1612 1102 1680 tempestate
1124 1607 1204 1666 varia

201 1685 204 1691 ’
227 1743 229 1746 .
252 1687 456 1760 ’Βωηάειιῖειη
478 1690 517 1753 ad
540 1690 683 1752 sublimia
881 1695 945 1752 Hoc
966 1698 1085 1766 protege
1108 1692 1267 1766 collegium.

215 1796 244 1856 2.
268 1783 428 1866 Supernum
451 1801 551 1851 tenens
572 1794 676 1852 solium
830 1800 859 1856 4.
884 1794 983 1853 Crucis
1004 1795 1149 1853 inventrix
1171 1793 1315 1871 quaerntu,

266 1880 370 1939 Preces
393 1895 445 1951 pro
467 1877 549 1937 nobis
571 1879 704 1953 geminet,
883 1881 940 1939 Per
961 1896 1045 1952 quam
1069 1880 1174 1939 salvari
1196 1879 1379 1952 quaerimus·

267 1963 308 2023 Ut
330 1963 462 2023 Christus
485 1979 567 2023 omne
589 1965 704 2023 noxium
884 1964 929 2024 Sis
952 1965 1097 2025 exoratrix
1119 1965 1229 2036 sedula,

266 2048 372 2126 Tollat.
393 2051 470 2122 quod
492 2050 694 2124 supereminet.
882 2049 1059 2135 Suppliciter
1077 2057 1108 2109 ut
1130 2050 1261 2124 petimus.

573 2157 600 2216 5.
623 2153 700 2213 Laus
722 2152 809 2228 patri,
832 2159 909 2230 nato,
931 2150 1048 2212 flamini.

284 2262 360 2314 Brov.
379 2261 652 2328 caesaraugustanum
670 2263 733 2329 imp.
751 2278 771 2312 s.
789 2261 808 2312 l.
826 2267 856 2313 et
870 2275 894 2313 a.
912 2261 1041 2324 (venetiis
1062 2258 1144 2323 14964

606 2418 669 2506 344.
699 2405 743 2502 ¹ile
762 2447 861 2501 cuncta
881 2443 995 2501 llolena.

218 2570 248 2630 l.
271 2568 383 2646 Gaude,
404 2574 497 2628 mater
518 2570 648 2641 ecclesia,
832 2567 859 2630 4.
884 2570 1043 2642 conjuncta
1065 2570 1137 2628 coeli
1159 2568 1269 2630 civibus

269 2654 376 2716 Gaude·
397 2655 433 2714 da
454 2655 562 2714 Christi
585 2671 711 2728 munere,
886 2656 969 2715 Vitae
991 2661 1109 2729 potatur
1129 2653 1255 2727 flumine,

270 2740 384 2798 Laudes
407 2741 436 2798 in
459 2756 530 2798 voce
552 2741 633 2800 rnna
887 2741 1000 2802 Divinis
1023 2757 1128 2800 vacans
1150 2740 1285 2800 laudibus

270 2824 364 2884 Corde
385 2841 501 2899 promas
523 2832 552 2883 et
572 2841 668 2899 opere.
757 2837 762 2844 ⁴
887 2827 995 2885 Lumen
1018 2827 1099 2886 videt
1121 2827 1149 2884 in
1171 2825 1287 2886 lumine.

218 2931 247 2989 2.
273 2926 386 2986 Helena
407 2944 474 2986 nam
499 2927 679 2988 sanctissima
834 2932 863 2990 5.
884 2930 949 2990 Jam
971 2934 1067 3002 stupet
1089 2929 1289 3001 Hierosolyma

270 3013 327 3073 Per
348 3018 378 3071 ts
399 3012 530 3072 miranda
550 3013 651 3090 edidit,
885 3014 999 3074 Fractis
1020 3014 1148 3075 Judaeae
1170 3014 1282 3084 ritibus,

271 3092 338 3157 Rite
361 3097 507 3156 detestans
530 3098 628 3157 intima
885 3100 962 3159 Dum
983 3116 1037 3172 per
1058 3106 1157 3159 sancta
1178 3095 1311 3172 suffragia

273 3182 403 3244 Ooeleste
423 3198 539 3257 regnum
561 3184 658 3248 subiit.
888 3185 1025 3258 Miranda
1045 3184 1118 3244 fiunt
1139 3184 1277 3245 saeculis:

223 3290 252 3349 3.
275 3284 396 3344 Terreni
417 3286 493 3360 regis
514 3285 575 3345 tilia
835 3290 864 3350 6.
886 3288 948 3347 Deo
971 3288 1046 3360 patri
1069 3287 1107 3346 sit
1129 3287 1222 3361 gloria

271 3370 344 3444 Regi
367 3371 483 3429 coelesti
505 3371 623 3446 placuit,
888 3373 1016 3446 Eiusque
1037 3373 1092 3432 soli
1113 3372 1173 3432 filio

272 3456 403 3516 Electum
425 3470 513 3530 snper
532 3457 612 3515 milia
890 3458 960 3518 Cum
983 3458 1087 3533 spiritu
1106 3458 1247 3532 paraclito

199 3594 221 3616 ,.
273 3543 418 3617 Quaerens
438 3542 557 3620 invenit,
580 3543 682 3607 tenuit.
777 3609 779 3612 ¹
874 3545 922 3621 .11¹
944 3545 1119 3619 sempiterna
1140 3544 1263 3606 saecula.

287 3661 363 3710 Brev.
382 3661 528 3711 Romanum
547 3662 609 3723 imp.
630 3656 711 3711 15**.

587 3857 648 3916 243.
684 3857 723 3916 lle
741 3862 836 3917 saneto
856 3859 1030 3934 Hieronymo.

711 3980 753 4035 Ad
771 3981 911 4051 vesperas.

469 4107 497 4167 1.
520 4105 662 4180 suggerat
682 4106 763 4165 nobis
786 4105 902 4166 veniens
925 4108 1047 4180 Olympo

520 4191 644 4265 Spiritus
666 4190 813 4252 flammans
836 4192 962 4266 meritos
986 4208 1147 4270 precamur,

484 4326 485 4330 ,
519 4278 595 4349 Quos
616 4276 669 4335 tibi
691 4275 780 4336 festos
802 4277 980 4337 modulemur
1002 4278 1130 4354 hymnos,

564 4363 671 4436 Magne
692 4369 820 4436 patrone.
