2918 4868
605 285 815 350 ..59-

120 462 154 521 3.
178 457 279 518 Omnis
302 456 413 534 fulgore
435 459 549 517 virtmis
741 463 768 521 6.
792 461 898 520 Contra
924 460 1009 518 ritum
1033 460 1111 534 pugil
1136 458 1219 518 fortis

222 544 300 602 Miro
323 542 402 602 fulsit
424 544 562 620 tenebris,
836 545 957 603 Exstitit
979 546 1135 617 gentilium,

179 630 325 688 Aeternae
347 646 400 701 pro
422 645 474 701 spe
496 631 597 688 salutis
796 630 858 688 Neo
881 631 975 687 timuit
997 637 1074 687 metu
1095 631 1195 687 mortis

223 714 328 786 Spreta
350 714 414 773 labe
438 715 563 788 sceleris,
838 714 940 773 Subire
962 714 1139 788 martyrium,

180 801 221 860 Ut
243 800 314 857 loeis
337 815 452 858 manere
474 801 544 857 tntis
795 802 969 873 Angelorum
990 807 1022 857 ut
1044 800 1169 858 cohortis

224 885 333 943 Summi
355 887 446 959 possit
468 885 602 944 aetheris.
837 886 1002 945 Possidcret
1024 886 1169 958 gaudium.

123 991 156 1048 4.
180 988 318 1046 Mirando
340 988 430 1062 gignit
452 994 606 1060 stuporem,
743 991 771 1048 7.
795 987 996 1059 'lriumphavit
1018 988 1047 1044 in
1070 1003 1162 1060 agone

226 1073 308 1144 Quod
327 1073 425 1146 puella
447 1072 576 1131 bravium
838 1074 876 1131 Et
899 1073 991 1130 omisit
1012 1073 1153 1143 spiritum,

181 1159 230 1217 Sic
252 1165 368 1232 optaret
389 1166 418 1216 et
440 1175 566 1217 amorem
796 1159 871 1217 Actu
894 1165 1026 1216 constans
1050 1163 1078 1214 et
1101 1172 1239 1229 sermone,

223 1244 341 1303 Sumere
363 1245 537 1318 coelestium,
839 1244 879 1303 Ut
901 1243 1019 1301 haberet
1042 1243 1161 1314 aditum,

180 1330 221 1390 Ut
244 1329 334 1387 lutum
357 1328 454 1387 fictum
477 1330 613 1388 honorem
796 1330 867 1387 Polo
890 1330 1012 1401 duplicis
1036 1344 1159 1388 coronae

226 1414 394 1487 Spernendo
417 1416 606 1477 terrestrium.
840 1415 1002 1473 Obtinendo
1024 1414 1166 1473 meritum.

127 1522 157 1579 5.
180 1519 337 1575 Auctorem
360 1518 437 1575 vitae
460 1516 570 1595 dilexit,
746 1518 774 1576 8.
798 1516 912 1575 Laudes
936 1517 1039 1575 dentur
1061 1516 1193 1594 trinitati,

226 1603 283 1660 Pro
304 1619 360 1675 quo
383 1603 455 1660 mori
477 1603 574 1676 voluit,
841 1603 931 1672 Patri,
954 1608 1031 1673 nato,
1054 1601 1172 1680 flamini,

184 1688 268 1745 idola
289 1704 364 1746 sana
385 1687 525 1760 despexit,
796 1688 931 1746 Essentia
952 1687 1054 1744 unitati

223 1774 347 1846 Quorum
370 1773 476 1830 cultum
498 1773 619 1850 respuit,
840 1772 1025 1845 simplicique
1047 1772 1155 1830 numini

182 1857 223 1917 Ut
245 1859 355 1916 viveret
376 1858 450 1927 Deo,
470 1857 550 1916 flexit
796 1861 840 1916 Ao
862 1859 975 1917 diuinae
998 1858 1141 1929 majestati

228 1942 285 2001 Cor
307 1950 335 2001 et
357 1943 458 2002 landes
478 1943 590 2006 tribuit.
840 1943 880 2001 Et
902 1951 1063 2001 sanctorum
1087 1942 1212 2006 culmini.

199 2061 275 2109 Brev.
294 2060 452 2111 Celsonense
477 2063 538 2126 imp.
557 2060 784 2127 Caesaraugustae
811 2056 884 2110 1514.
904 2090 936 2096 -
955 2058 984 2123 3,
1012 2059 1024 2109 l
1044 2061 1127 2110 Annis
1146 2061 1256 2125 frdgore.
1275 2083 1308 2094 --

125 2126 158 2192 3,
182 2126 281 2179 5tutis
299 2130 412 2194 orginzt
433 2156 465 2163 -
481 2130 544 2178 Dies
564 2132 671 2180 Brevier
688 2129 789 2179 enthilt
807 2131 866 2178 eino
885 2130 967 2179 ltoiho
986 2146 1037 2178 von
1058 2131 1196 2191 Hymnen,
1223 2129 1308 2178 denen

127 2197 169 2246 ich
189 2200 280 2248 weiter
297 2198 370 2246 nicht
388 2199 517 2262 begeguet
534 2199 580 2248 bin
599 2199 650 2249 und
669 2198 713 2249 die
730 2215 782 2247 von
800 2200 845 2247 ein
863 2198 914 2247 und
933 2198 1084 2247 ‹lenasolhen
1096 2197 1234 2247 Verlassor
1248 2197 1307 2246 her·

126 2266 261 2315 zurt'rhren
285 2266 417 2316 scheinen.
452 2267 498 2316 Ich
518 2267 603 2318 werde
619 2267 762 2318 denselhen
779 2266 831 2315 den
849 2266 976 2316 Vermork
995 2267 1127 2329 beitiugon:
1153 2265 1307 2314 Versa-saera

127 2336 283 2399 Anonymua
303 2334 476 2385 Celsonenais.

531 2587 573 2642 87.
611 2585 648 2641 llo
668 2590 767 2642 sancta
786 2586 903 2658 rigueto.

593 2724 636 2778 Ad
655 2724 827 2779 Nocturnum.

129 2866 157 2926 1.
182 2865 316 2926 iucunda
338 2881 407 2924 voce
429 2866 563 2924 carminis
743 2872 773 2925 5.
795 2866 906 2939 lnquit:
931 2865 1032 2923 recede
1056 2867 1181 2923 criimnis

181 2950 311 3025 Agnetis,
335 2952 427 3009 almae
449 2952 577 3024 virginis,
795 2953 907 3023 Fomes,
935 2953 1044 3008 aeterni
1068 2952 1181 3009 luminis

182 3035 268 3095 Plebs
288 3037 421 3094 decantet
443 3038 596 3109 praeconia
795 3038 844 3094 Mo
866 3036 1047 3094 subarrhavit
1071 3037 1191 3095 dextera

182 3120 361 3180 Gratulando
383 3123 528 3182 solemnia.
796 3122 976 3181 Gemmarum
1001 3122 1097 3180 dando
1120 3138 1247 3186 munera.

126 3227 157 3286 2.
180 3225 258 3297 Quae
281 3224 388 3284 Christi
410 3231 521 3298 martyr
538 3226 658 3293 exstitit,
743 3227 773 3284 6.
796 3225 936 3297 Agnetem
959 3223 1064 3281 nudam
1089 3224 1214 3282 vestibus

182 3309 257 3366 Num
280 3309 367 3368 eorde
389 3326 493 3382 corpus
515 3312 659 3382 praestitit
796 3309 882 3366 Texit
904 3308 1024 3380 capillus
1048 3309 1179 3381 pedibus,

182 3395 240 3452 Pro
261 3392 318 3452 tide
339 3395 377 3453 ad
398 3395 540 3467 supplicia
797 3396 961 3453 Prostratus
984 3392 1016 3451 tit
1038 3394 1198 3467 prostibulo

178 3479 326 3538 Anhelans
348 3481 386 3538 ad
409 3480 553 3542 coelestia.
799 3479 940 3551 Principis
963 3480 1063 3537 haeres
1086 3479 1197 3538 zabulo.

125 3586 156 3646 3.
179 3582 250 3657 Igne
271 3597 408 3640 succensa
430 3581 551 3640 flaminis
745 3585 772 3646 7.
797 3583 879 3654 Pugil
903 3589 1034 3639 constans
1057 3582 1089 3638 tit
1112 3582 1244 3654 numidia,

181 3666 289 3725 Mentis
311 3667 407 3724 lumen
429 3668 466 3725 ad
490 3670 619 3727 culminis
798 3669 924 3727 Palmam
947 3668 1030 3739 gestit
1055 3667 1228 3737 certaminis,

183 3752 262 3810 Coeli
286 3752 392 3810 direxit
413 3753 487 3811 atria
796 3753 870 3810 Fide
892 3754 958 3810 tulit
980 3753 1159 3825 martyrium,

181 3837 320 3912 Martyrii
343 3838 473 3898 victoria.
797 3839 854 3895 Cur
875 3839 945 3895 coeli
969 3839 1091 3909 sumpsit
1112 3837 1250 3894 bravium.

124 3944 157 4000 4.
181 3939 291 4011 captus
313 3955 410 3998 amore
431 3940 574 4013 praesidis
744 3944 772 4003 8.
798 3942 886 4008 Patri,
911 3948 976 3998 nuto
999 3941 1036 3997 sit
1059 3941 1150 4012 gloria

182 4024 276 4082 Natus
298 4025 406 4083 carnali
428 4027 558 4101 tradidit,
796 4027 835 4084 Et
857 4025 974 4100 tlamini,
997 4026 1043 4097 qni
1067 4026 1161 4097 patrio

179 4114 260 4183 Quae
282 4111 391 4182 respuit
410 4112 516 4183 jocalia
797 4113 921 4170 Goelesti
944 4118 1045 4183 regnat
1067 4112 1185 4168 melitus

184 4195 273 4268 Virgo
292 4198 454 4268 spernendo
476 4198 555 4259 vitia.
796 4197 964 4255 Sanctorum
987 4197 1103 4254 summis
1126 4196 1267 4255 laudibus.

123 4382 163 4436 (k
197 4313 276 4362 Brev.
298 4311 455 4364 (klaoneneo
480 4317 542 4380 imp.
566 4318 792 4380 Caesaraugustae
819 4314 890 4363 1514.
920 4341 951 4349 -
975 4316 1123 4364 l'orlasser:
1147 4313 1300 4376 Anonymus

139 4382 307 4432 *laoneuaia
