2918 4868
631 273 866 338 -155-

171 450 201 507 2.
227 446 306 505 Coeli
328 453 465 505 enarrant
486 448 604 521 gloriam

264 532 319 590 Dei
342 533 468 606 potentis
489 532 614 607 Domini,

225 619 279 688 Qui
302 625 346 676 tot
368 619 504 676 virtutum
527 619 649 693 gratiam

265 703 353 762 Dedit
374 704 505 763 Marinae
528 705 639 778 virgini.

173 827 202 883 3.
227 823 340 881 Domini
363 829 406 880 est
428 829 507 883 terra
528 825 614 897 plena

264 909 408 966 Bonorum
430 910 622 988 multitudiue,

226 994 314 1066 Virgo
336 995 413 1051 mitis
436 1001 463 1052 et
487 1012 605 1055 amoena

264 1079 408 1137 Virtutum
430 1081 618 1154 plenitudino.

350 1266 536 1329 Responsoria.

176 1392 202 1448 1.
228 1387 389 1462 Margarita

267 1473 396 1546 pulchra,
420 1475 586 1548 spectabilis

227 1562 308 1619 luter
329 1559 400 1617 viles

265 1644 380 1716 lapillos
403 1645 502 1723 oritur,

229 1730 304 1787 Dum
325 1729 441 1789 Mariua

266 1813 370 1886 fidelis,
393 1815 472 1873 utilis

230 1898 345 1959 infideli

268 1986 304 2044 de
327 1990 411 2058 gente
433 1987 575 2057 nescitum

268 2070 422 2128 Laetamur
443 2073 540 2146 igitur.

168 2158 204 2218 V.
230 2155 276 2213 Ex
299 2156 394 2214 arenis

271 2241 313 2298 sic
334 2258 434 2300 aumm
456 2243 576 2315 tollitur,

231 2326 269 2384 Et
292 2327 328 2385 de
351 2327 441 2399 spinis

269 2428 334 2470 rosa
356 2413 510 2485 colligitur.

178 2534 207 2592 2.
232 2533 327 2592 Pascit
349 2548 416 2592 ores

268 2617 390 2691 simplex
412 2618 552 2693 agnicula,

231 2703 283 2760 Cui
304 2703 389 2777 lupus

271 2795 355 2860 parat
376 2789 534 2866 obstacula,

231 2872 289 2932 Sed
311 2875 386 2946 bane
406 2881 504 2934 servat

268 2959 345 3018 iuter
365 2962 494 3034 pericula

269 3045 369 3119 Agnus
391 3046 454 3106 Dei.

169 3128 204 3189 V.
232 3128 328 3189 Bonus
350 3139 449 3204 pastor

270 3232 371 3289 agnam
394 3215 565 3294 considerat,

231 3299 270 3356 Et
292 3301 359 3360 dum
381 3303 465 3375 lupus

271 3386 309 3446 ad
331 3389 424 3460 ipsam
446 3393 592 3462 properat,

269 3473 377 3532 adstat
398 3475 434 3533 ei.

180 3596 208 3654 3.
231 3595 297 3654 Jam
319 3593 423 3666 impius
444 3592 580 3665 Olybrius

272 3680 376 3739 Preces
399 3684 526 3738 cassatas
546 3678 654 3737 deserit

232 3765 272 3822 Et
294 3766 393 3824 durius
416 3772 445 3823 et
465 3765 560 3823 aerius

271 3851 388 3909 Puellae
410 3866 516 3924 poenos
535 3850 648 3924 ingerit,

270 3936 329 3996 Sed
352 3937 489 4009 oomperit

236 4022 292 4080 Cor
312 4030 442 4080 sanctum
464 4027 555 4079 morte
577 4017 697 4092 fortium

170 4107 205 4164 V.
231 4107 407 4166 Verberibus
430 4106 595 4166 cmdelibus

272 4193 420 4252 Tenelium
443 4209 546 4266 corpus
567 4192 676 4261 atterit,

273 4279 303 4338 Si
325 4280 433 4353 poterit

234 4365 394 4424 Tormentis
410 4365 574 4439 plusquam
589 4355 731 4435 precibus.

894 448 985 512 1n2.
1008 449 1214 513 Nocturno.

968 585 1143 652 Antiphonae.

790 709 817 769 1.
840 709 992 769 Eructavit
1013 726 1063 769 oor
1083 711 1215 771 Marinae

879 795 1004 853 Verbum
1033 795 1137 854 bonum
1159 799 1338 873 prudentiae,

840 881 923 956 Amo,
948 880 1045 939 diceus
1067 883 1128 940 siue
1149 882 1215 952 fine,

879 966 985 1040 Regem
1007 973 1142 1026 aeternae
1163 970 1281 1043 gloriae.

788 1105 818 1162 2.
839 1103 916 1161 Deus
939 1110 1044 1177 noster,
1068 1103 1208 1180 refugium

879 1189 924 1247 Tu
945 1190 1077 1250 Marinae
1099 1189 1178 1250 fuisti

841 1274 881 1333 Et
904 1275 960 1333 vim
979 1283 1008 1334 et
1029 1273 1146 1336 fraudes
1169 1279 1290 1338 hostium

879 1359 926 1419 Ab
948 1377 981 1420 ea
1003 1363 1145 1435 repulisti.

790 1499 819 1559 3.
842 1497 964 1571 Magnus
986 1500 1124 1559 Dominus

881 1584 920 1643 Et
942 1585 1059 1644 nimium
1080 1586 1245 1658 laudabilis,

843 1669 909 1727 Tibi
930 1671 1058 1730 eominus

882 1756 1006 1814 Adstitit
1027 1759 1108 1831 virgo
1129 1757 1241 1817 nobilia.

967 1927 1153 1993 Responsoria.

796 2030 824 2092 1.
847 2030 1024 2104 Margaritae
1046 2039 1211 2106 comparata

884 2115 991 2174 Suffert
1011 2118 1092 2190 virgo
1114 2118 1244 2191 verbera,

845 2200 945 2258 Mente
966 2218 1076 2261 sursum
1100 2204 1220 2276 elevata,

884 2286 976 2346 Carne
997 2295 1096 2361 spreta
1115 2295 1223 2362 mnera,

883 2372 941 2431 Sed
962 2389 1028 2432 mox
1052 2381 1096 2433 est
1114 2381 1180 2448 post
1199 2390 1303 2447 aspera

846 2457 929 2516 Dono
951 2458 1059 2519 Christi
1080 2468 1229 2534 reparata;

782 2541 816 2603 V.
844 2543 931 2618 Virgo
954 2560 1037 2605 caesa
1059 2545 1190 2616 fustibus,

844 2629 959 2689 Inclusa
981 2631 1143 2691 carceribus

843 2713 914 2774 Exit
936 2733 1002 2776 rosa
1023 2724 1170 2782 renovata.

793 2854 822 2912 2.
846 2855 881 2914 In
903 2850 1041 2914 ferventis
1063 2855 1120 2914 olei

884 2941 1001 3000 Plenum
1024 2940 1150 2999 immissa
1172 2942 1278 3002 dolium

846 3025 933 3100 Virgo
954 3026 1041 3100 plena
1060 3024 1129 3085 fidei

885 3111 1004 3170 Plenum
1027 3111 1114 3171 babet
1136 3114 1293 3173 remedium

927 3196 1093 3277 Libertatis,

783 3279 818 3342 V.
846 3280 932 3341 Carni
954 3280 1051 3343 fervor
1071 3298 1128 3341 uon
1148 3284 1253 3359 nocuit,

884 3368 946 3440 Qua
967 3369 1045 3443 rigor
1065 3383 1180 3442 semper
1201 3371 1290 3445 riguit
1328 3376 1331 3383 ’

932 3453 1088 3514 castitatis.

796 3594 824 3652 3.
848 3591 924 3650 laus
945 3597 975 3648 et
995 3591 1087 3651 honor

886 3677 924 3736 sit
944 3676 1007 3754 tibi,
1030 3678 1160 3756 Domine,

846 3763 900 3836 Qui
921 3761 957 3821 de
978 3762 1058 3822 salva

886 3853 970 3906 natus
991 3862 1022 3905 es
1042 3849 1152 3923 virgine

848 3933 888 3992 Et
909 3932 994 3991 existi

887 4019 924 4077 de
945 4019 1042 4076 clauso
1062 4020 1187 4093 tumulo,

848 4104 890 4164 Ut
912 4104 948 4163 de
969 4103 1058 4177 piscis
1274 4173 1276 4176 .

886 4191 989 4250 Jouam
1012 4190 1148 4264 voragine

849 4275 985 4333 Eduxisti

887 4359 990 4437 grandi
1012 4361 1158 4439 miraculo,
