2918 4868
638 262 869 324 -140-

316 437 356 494 ln
379 437 587 497 Nocturno.

360 556 534 620 Antiphonem.

178 662 206 721 1.
232 661 306 718 Dum
330 677 420 733 provo
441 659 576 732 pertusus

274 746 416 804 Lucienus
437 752 512 804 osset
534 761 633 806 errore

229 831 268 890 Et
289 832 464 903 Marcianus,

274 923 337 975 orte
360 917 515 975 carminum
538 916 689 975 abutentes

230 1003 278 1061 Ad
301 1003 398 1061 luxum
417 1008 525 1061 mentes

273 1088 418 1146 hominum
438 1088 520 1146 sitire
538 1087 687 1161 cogebant.

179 1211 208 1268 2.
231 1208 335 1268 Evenit
356 1226 375 1268 u
395 1225 514 1282 summo,

273 1297 321 1368 qni
344 1310 451 1354 summe
472 1295 568 1353 omniu
589 1294 679 1368 gretie

229 1380 287 1440 Sua
307 1380 388 1440 offert
412 1381 521 1439 cunctis

272 1474 301 1525 et
323 1468 419 1527 multis
443 1467 493 1525 det
516 1466 665 1537 violenter,

234 1552 274 1612 Ut
296 1553 335 1630 hi,
358 1553 407 1627 qui
429 1552 536 1612 Christi

273 1640 368 1698 hostes
387 1644 478 1713 erant,
502 1637 552 1695 illo
574 1635 712 1698 subirent.

175 1763 205 1824 3.
223 1762 256 1820 In
280 1758 414 1819 famulam
437 1757 544 1817 Christi

276 1863 327 1904 suo
347 1843 468 1903 libidine
490 1843 559 1901 moti

231 1934 302 1993 Cum
324 1933 425 1990 turmis
448 1934 560 1987 certant

273 2018 450 2092 daemonum,
474 2021 506 2072 ut
527 2029 589 2073 eam
612 2029 729 2088 perver-

522 2107 532 2157 t
572 2106 582 2157 t

228 2190 286 2250 Sed
307 2194 439 2249 asserunt
461 2118 622 2258 daemaolnt’ss,

272 2276 416 2336 Christum
432 2281 557 2333 certasse
574 2287 627 2346 per
640 2271 728 2335 illem.

354 2463 539 2528 Responsoria.

177 2589 204 2648 1.
229 2587 314 2649 Unde
336 2585 475 2657 exterriti,

271 2671 357 2746 paulo
379 2678 445 2744 post
466 2670 494 2726 in
518 2685 549 2726 se
571 2667 689 2740 reversi,

227 2758 371 2817 Christum
395 2752 607 2813 confessisunt

270 2841 399 2900 funditus
430 2841 638 2911 daemonesque
660 2855 727 2896 con-

520 2923 642 2983 fundunt

164 3016 198 3076 V.
224 3017 320 3087 Atque
342 3010 496 3086 pestiferos

269 3099 359 3158 libros
403 3113 498 3155 coram
543 3095 628 3170 plebe
663 3112 725 3154 cre-

519 3189 643 3242 morunt.

175 3310 204 3367 2.
229 3305 408 3364 Maledicunt
429 3304 508 3362 idole

271 3390 477 3464 despicuntqne
499 3390 632 3465 cultores,

225 3477 384 3536 Hortantur
405 3475 527 3550 plebem,

267 3581 352 3623 unum
375 3564 465 3622 solum
488 3562 609 3621 odorare

164 3652 198 3716 V,
225 3651 325 3726 Deum,
349 3649 397 3723 qui
419 3655 522 3706 cuncte

267 3734 420 3810 plasmavit
442 3739 527 3807 atque
548 3731 697 3806 gubernat.

173 3860 201 3918 8.
225 3855 406 3915 Gemmarum
429 3853 515 3913 sertis

268 3941 410 3999 Lucienus
433 3945 463 3997 et
485 3937 650 3996 Marcianus

225 4027 352 4086 Devictis
374 4024 524 4100 suppliciis

266 4112 363 4185 palma
384 4115 556 4171 coronantur
572 4110 601 4168 in
624 4108 711 4167 coelis

224 4198 340 4258 Stantes
361 4204 428 4256 ante
449 4197 582 4257 thronum

267 4283 387 4342 deificae
410 4283 577 4354 venustatis,

223 4370 376 4430 Aethereis
394 4369 488 4442 juncti
511 4368 617 4432 cuneis.

784 436 819 497 V.
848 436 1102 510 congratulamini,

892 522 1038 594 Vicenses,
1062 524 1112 597 qni
1133 524 1210 581 inter
1232 521 1312 580 cives

848 607 998 666 Coelorum
1021 615 1116 668 tantos

891 694 1034 753 mumistis
1057 694 1164 752 habere
1187 698 1340 766 patronos.

1005 829 1128 880 Verbetu.

849 915 970 973 Vestrae
991 915 1084 974 incliti

891 1001 985 1073 precis
1007 1002 1132 1077 oraculo,

847 1085 994 1160 Martyres
1017 1087 1090 1162 Vici,

892 1171 1032 1231 combusti
1054 1172 1171 1243 Sabino,

849 1256 975 1316 Lucisne
998 1258 1069 1316 civis

892 1357 955 1400 cum
978 1349 1027 1401 tuo
1049 1343 1136 1413 socio,

847 1428 960 1488 Vestris
983 1428 1150 1501 succurrite,

888 1513 1004 1574 Christo
1026 1514 1113 1587 alpba
1132 1521 1162 1571 et
1183 1531 1200 1571 o

845 1599 1000 1658 Precantes
1021 1615 1143 1671 semper,

889 1699 925 1741 ne
948 1685 1062 1759 rugiens
1083 1685 1129 1743 leo

845 1769 1011 1842 Quempiam
1032 1770 1142 1829 sauciet

887 1854 942 1913 hoc
964 1855 1039 1914 vitas
1061 1856 1132 1926 salo,

845 1939 886 2000 Ut
908 1941 1033 2013 psallere
1056 1941 1152 1999 valeat

889 2026 1018 2084 Viceosis
1040 2025 1155 2084 concio:

846 2110 955 2182 Honor,
979 2117 1106 2184 potestas

887 2196 926 2254 sit
946 2196 996 2254 uni
1018 2196 1104 2268 trino,

840 2280 931 2339 Nobis
952 2281 1004 2340 hos
1026 2283 1106 2341 denti

887 2373 1022 2441 patronos
1044 2368 1073 2425 in
1097 2367 1173 2441 polo,

844 2452 898 2525 Qui
920 2453 1004 2513 melis
1026 2469 1077 2511 nos
1100 2456 1256 2526 protegunt

885 2545 1036 2612 regnantes
1057 2544 1184 2597 aeterno.

928 2693 967 2752 ln
987 2690 1195 2752 Laudibus.

972 2791 1149 2858 Antiphonus.

794 2883 819 2942 1.
843 2880 987 2954 Expansis
1010 2879 1141 2939 manibus
1194 2942 1198 2951 ,

885 2966 915 3024 in
937 2963 1050 3024 flamnis
1072 2980 1143 3023 voce
1165 2980 1271 3022 sonora

842 3051 1014 3111 Exclamant
1033 3050 1126 3110 saneti

887 3137 1030 3196 Lucienus
1052 3142 1081 3194 et
1102 3135 1285 3195 Marcianus:

839 3223 863 3282 0
885 3230 969 3296 pater
988 3221 1062 3281 alme
1084 3223 1164 3294 Jesu,

883 3317 915 3367 tu
930 3308 1043 3381 suscipe
1055 3306 1187 3381 spiritum
1202 3310 1345 3365 nostrum.

790 3414 820 3471 2.
843 3411 963 3484 Polique
985 3426 1047 3467 eum
1071 3415 1131 3468 tota

882 3496 967 3555 turbo
986 3512 1002 3553 e
1021 3495 1101 3554 coelo
1123 3493 1302 3554 descendeus

838 3581 964 3640 Michael
987 3581 1017 3639 in
1040 3581 1128 3640 choro

883 3672 1045 3741 promentes
1068 3665 1193 3725 carmine
1216 3664 1295 3724 dulci

841 3753 966 3827 Spiritus
988 3751 1136 3811 amborum

883 3855 978 3898 corum
1000 3838 1140 3897 altissimo
1161 3842 1275 3911 gerunt.

793 3945 822 4004 3.
846 3941 928 4003 Celsa
951 3941 1055 3999 sedens
1077 3940 1146 3998 sede

882 4026 983 4085 summi
1006 4026 1085 4086 Deus
1107 4025 1232 4085 culmine
1255 4025 1330 4084 coeli

843 4115 912 4185 Hos,
935 4119 967 4170 ut
990 4112 1051 4171 veri
1072 4111 1178 4170 milites

880 4199 928 4271 qui
951 4199 1050 4257 mortis
1073 4197 1151 4257 bella
1168 4197 1309 4269 vicerunt,

841 4284 954 4343 Coruus
976 4284 1080 4342 ditavit

881 4369 965 4428 nimis
987 4377 1090 4430 oruata
1111 4367 1228 4442 lapillis.
