2918 4868
645 279 879 342 —136-

240 457 317 528 Quae
339 452 415 512 iumu
437 452 567 510 Toletum

190 565 192 569 ·
282 541 435 611 Postquam
459 537 628 610 pervolavit,

178 625 211 684 V.
240 624 345 683 Sancta
367 623 510 682 Leoradiu

281 710 435 769 Dominum
457 708 551 767 oravit

239 799 334 868 Atque
356 812 438 853 suum
460 793 592 867 spiritum

282 881 344 939 Deo
367 879 584 939 commendavit.

292 1086 333 1144 lu
356 1088 384 1146 3.
409 1084 616 1144 Nocturna.

368 1201 543 1267 Antiphonue.

187 1309 213 1369 1.
236 1308 356 1366 Terram
378 1313 465 1375 tuam,
489 1306 620 1376 Domine,

281 1394 325 1451 l'u
347 1391 520 1451 benedixisti

238 1479 278 1537 Et
299 1478 329 1536 in
352 1484 401 1536 luo
423 1477 536 1535 nomine

280 1564 386 1635 Captos
409 1562 567 1623 redemisti.

185 1671 214 1728 2.
238 1668 348 1726 Bonum
370 1663 440 1722 fecit
461 1662 675 1724 fundamentum

280 1750 450 1808 incoelesti
472 1749 576 1822 patria,

238 1836 332 1907 Super
353 1852 452 1894 numm
476 1841 503 1892 et
528 1840 676 1909 argentum

283 1923 394 1981 Ponens
416 1919 556 1979 aedilicia.

182 2027 211 2084 3.
239 2024 350 2082 Novum
374 2023 501 2081 cantavit
518 2023 658 2081 canticum

281 2109 353 2187 Deo,
375 2109 424 2181 qui
447 2107 513 2167 iecit
537 2108 641 2182 omnia,

237 2195 294 2253 Cor
311 2210 413 2270 gerens
435 2193 619 2252 aromaticum

280 2281 370 2338 Beuta
392 2279 545 2338 Leucadia.

360 2433 546 2497 Responsoria.

186 2538 213 2598 1.
238 2537 306 2595 Post
324 2537 442 2594 multum
467 2552 534 2594 vero
556 2535 693 2608 temporis

237 2619 400 2680 ildefonsus
423 2621 617 2679 sanctissimus

239 2707 374 2765 Pervenit
395 2706 594 2766 devotissimus

236 2792 285 2849 Ad
310 2791 413 2849 iestum
437 2798 553 2849 sanotae
577 2790 694 2864 virginis

236 2878 276 2936 Et
296 2893 381 2935 orans
403 2883 470 2935 aule
492 2877 640 2946 tumulum,

236 2963 297 3034 Quo
321 2960 415 3020 iuerat
437 2962 645 3034 corpusculum,

175 3047 208 3108 V.
236 3048 317 3105 Vidit
339 3053 407 3105 tunc
428 3047 569 3126 elevatum

237 3133 415 3191 Monumenti
437 3134 609 3206 operculum.

184 3238 213 3298 2.
235 3237 268 3295 ln
291 3241 418 3294 reserato
440 3237 547 3293 tumulo

279 3322 368 3393 Virgo
389 3338 502 3380 manum
526 3321 618 3379 erexit

234 3407 274 3465 Ill
295 3414 395 3465 sancto
417 3407 473 3464 Dei
495 3405 602 3465 famulo

279 3492 378 3550 Velum
400 3509 481 3551 suum
504 3493 640 3565 porrexit,

236 3578 289 3648 Qui
313 3593 376 3636 cum
399 3579 474 3650 regis
496 3577 632 3650 ganipulo

277 3663 391 3722 Partem
414 3663 470 3721 veli
492 3663 651 3735 praescidit

234 3749 422 3822 Corrguudens
446 3749 481 3807 de
501 3748 648 3821 miraculo,

272 3834 353 3905 Quod
377 3831 554 3906 stupefactus
577 3834 667 3907 vidit-3

171 3919 204 3979 V.
230 3918 271 3977 Et
293 3935 391 3977 vocem
414 3919 487 3976 hanc
506 3918 633 3978 audivit:

273 4005 329 4062 Per
351 4005 436 4065 vitam
460 4001 589 4063 lllefonsi

235 4090 360 4148 Domina
382 4106 444 4149 meu
466 4090 547 4149 vivit.

180 4197 208 4254 3.
233 4192 340 4250 Nostra
361 4193 431 4250 civis
454 4193 603 4262 Toletano,

230 4280 308 4350 Quae
331 4277 525 4351 contempsisti
549 4277 700 4352 mundana,

227 4364 330 4422 Procul
352 4364 429 4436 pelle
451 4368 553 4422 cuncta
573 4379 646 4422 naua

274 4448 357 4507 Nune
378 4467 396 4508 a
416 4448 522 4508 nostris
544 4447 679 4507 cordibus

856 452 895 509 Et
916 450 955 510 ad
975 450 1066 508 Deum
1089 448 1178 508 iuude
1197 464 1312 523 preces,

856 537 901 594 Ne
923 552 976 609 por
998 536 1081 608 hujus
1105 536 1202 594 mundi
1224 532 1323 593 faeces

897 622 1081 682 Involvamur
1102 620 1245 679 sordibus.

796 709 827 769 V.
856 706 961 765 Sancto
981 712 1100 779 martyr,
1124 707 1185 764 sine
1208 706 1299 765 caede

854 793 949 866 Digne
971 793 1088 851 coelesti
1110 790 1252 864 mercede,

855 878 898 936 Tu
920 895 973 951 pro
995 877 1078 937 nobis
1099 877 1270 936 intercede.-

932 1051 973 1109 lu
996 1047 1204 1110 Laudibus.

984 1148 1161 1214 Antiphouae.

800 1238 828 1300 1.
853 1237 965 1310 Regnat
985 1252 1060 1294 nnnc
1082 1237 1110 1295 in
1132 1236 1223 1309 gloria

891 1323 995 1381 induta
1017 1323 1121 1381 decore

853 1407 959 1467 Sancta
981 1407 1126 1466 Leucadia

891 1495 925 1553 ln
948 1493 1025 1551 sedis
1047 1492 1164 1553 honore.

799 1598 828 1656 2.
852 1594 899 1654 Ab
921 1595 1003 1654 aunis
1025 1592 1165 1653 infantiae

891 1680 1013 1739 Domino
1034 1680 1163 1753 servivit,

852 1767 884 1825 ln
907 1773 1025 1824 aeterna
1045 1766 1144 1839 requie

893 1853 963 1911 Ideo
985 1867 1060 1909 nunc
1082 1851 1162 1914 viril.

800 1957 828 2013 3.
852 1953 901 2012 Ad
923 1960 952 2012 te
976 1954 1011 2012 de
1033 1953 1097 2012 lnce
1120 1953 1250 2026 vigilans,

889 2039 977 2110 Deus,
999 2039 1069 2097 haec
1090 2038 1175 2097 beata

852 2124 958 2183 Sitiens
981 2132 1010 2181 et
1030 2131 1164 2183 aestuans

889 2210 946 2269 lvit
968 2217 1063 2268 mente
1086 2216 1177 2284 grata.

803 2315 833 2374 4.
856 2314 916 2370 lsta
937 2312 1006 2370 totis
1029 2311 1139 2371 viribus

891 2399 1037 2469 Quaerens
1059 2413 1194 2470 sponsum
1212 2395 1358 2468 virginum

855 2485 887 2543 ln
911 2482 970 2540 suis
992 2482 1128 2556 operibus

890 2568 1045 2627 Benedixit
1067 2568 1227 2627 Dominum.

798 2676 827 2731 5.
850 2671 883 2728 ln
906 2677 987 2730 tanto
1009 2670 1147 2729 solemnio

892 2756 1019 2831 Quilibet
1040 2755 1136 2816 fidelis

850 2841 963 2900 Laudet
985 2858 1048 2899 oum
1071 2840 1198 2913 tripudio

890 2928 1041 2986 Dominum
1066 2927 1102 2985 do
1124 2926 1222 2986 caelis

952 3062 993 3112 Ad
1012 3061 1178 3111 Benedictus.

786 3151 823 3212 A.
847 3149 888 3207 Sit
913 3149 1080 3207 benedictus
1100 3149 1248 3219 Dominus,

892 3235 946 3307 Qui
968 3240 1096 3293 sanctam
1120 3233 1292 3293 Leomdiem

850 3320 894 3378 Dc
916 3320 1035 3378 Deciani
1058 3319 1189 3378 manibus

893 3406 1023 3465 Protexit
1046 3406 1119 3464 daus
1141 3404 1292 3464 victoriam

849 3492 972 3548 Etcum
995 3492 1102 3550 sanctis
1125 3489 1293 3565 virginibus,

892 3576 982 3634 Duxit
1002 3576 1041 3636 ud
1064 3576 1137 3634 coeli
1158 3576 1288 3650 gloriam.

913 3748 953 3805 ln
977 3751 1006 3811 2.
1031 3746 1228 3821 Vesperis

958 3847 999 3898 Ad
1016 3847 1177 3912 Magnificat

785 3935 821 3997 Δ.
844 3936 931 3994 Alma
953 3936 1033 4007 virgo
1054 3941 1083 3992 et
1105 3935 1219 4007 decora,

849 4022 905 4080 Pro
928 4020 1010 4079 nobis
1032 4020 1124 4078 Deum
1147 4020 1271 4092 implora

849 4106 888 4164 Et
906 4123 957 4165 nos
980 4113 1043 4164 tuos
1066 4122 1141 4164 nunc
1162 4105 1281 4181 honora,

850 4191 1020 4267 Impetraus,
1044 4197 1076 4249 ut
1097 4192 1160 4249 sine
1182 4207 1263 4250 mora

848 4276 908 4335 Nos
930 4277 1008 4335 Deus
1031 4277 1060 4335 in
1083 4275 1184 4335 mortis
1206 4276 1279 4335 bora

847 4361 946 4421 Solvet
968 4368 997 4420 et
1018 4362 1057 4421 ad
1079 4362 1183 4420 altiora

807 4468 812 4475 ’
887 4448 986 4521 Regna
1006 4463 1059 4506 sua
1078 4446 1239 4521 pertrahat.
