<?xml version="1.0" encoding="UTF-8"?>
<!DOCTYPE html PUBLIC "-//W3C//DTD XHTML 1.0 Transitional//EN"
    "http://www.w3.org/TR/xhtml1/DTD/xhtml1-transitional.dtd">
<html xmlns="http://www.w3.org/1999/xhtml" xml:lang="en" lang="en">
 <head>
  <title>
</title>
<meta http-equiv="Content-Type" content="text/html;charset=utf-8" />
  <meta name='ocr-system' content='tesseract 3.04.00' />
  <meta name='ocr-capabilities' content='ocr_page ocr_carea ocr_par ocr_line ocrx_word'/>
</head>
<body>
  <div class='ocr_page' id='page_1' title='image "./hymnodiahiberic00drevgoog_0408.png"; bbox 0 0 2918 4868; ppageno 0'>
   <div class='ocr_carea' id='block_1_1' title="bbox 607 238 838 302">
    <p class='ocr_par' dir='ltr' id='par_1_1' title="bbox 607 238 838 302">
     <span class='ocr_line' id='line_1_1' title="bbox 607 238 838 302; baseline 0.004 -1"><span class='ocrx_word' id='word_1_1' title='bbox 607 238 838 302; x_wconf 84' lang='lat'>-111-</span> 
     </span>
    </p>
   </div>
   <div class='ocr_carea' id='block_1_2' title="bbox 144 410 1247 743">
    <p class='ocr_par' dir='ltr' id='par_1_2' title="bbox 144 410 1247 743">
     <span class='ocr_line' id='line_1_2' title="bbox 144 410 1149 485; baseline 0 -13"><span class='ocrx_word' id='word_1_2' title='bbox 144 415 173 472; x_wconf 84' lang='lat'>2.</span> <span class='ocrx_word' id='word_1_3' title='bbox 200 413 233 471; x_wconf 91' lang='lat' dir='ltr'>ln</span> <span class='ocrx_word' id='word_1_4' title='bbox 256 410 358 485; x_wconf 89' lang='lat' dir='ltr'>quibus</span> <span class='ocrx_word' id='word_1_5' title='bbox 381 417 426 470; x_wconf 92' lang='lat' dir='ltr'>est</span> <span class='ocrx_word' id='word_1_6' title='bbox 448 412 550 471; x_wconf 87' lang='lat' dir='ltr'>rutilus</span> <span class='ocrx_word' id='word_1_7' title='bbox 759 415 787 476; x_wconf 86' lang='lat'>2.</span> <span class='ocrx_word' id='word_1_8' title='bbox 811 411 918 472; x_wconf 83' lang='lat' dir='ltr'>Christi</span> <span class='ocrx_word' id='word_1_9' title='bbox 942 412 1023 471; x_wconf 90' lang='lat' dir='ltr'>miles</span> <span class='ocrx_word' id='word_1_10' title='bbox 1041 412 1149 484; x_wconf 88' lang='lat' dir='ltr'>judicis</span> 
     </span>
     <span class='ocr_line' id='line_1_3' title="bbox 239 498 1247 572; baseline 0 -16"><span class='ocrx_word' id='word_1_11' title='bbox 239 498 320 570; x_wconf 82' lang='lat' dir='ltr'><strong>quasi</strong></span> <span class='ocrx_word' id='word_1_12' title='bbox 341 498 425 556; x_wconf 87' lang='lat' dir='ltr'>stella</span> <span class='ocrx_word' id='word_1_13' title='bbox 440 498 579 572; x_wconf 71' lang='lat' dir='ltr'>Georgius</span> <span class='ocrx_word' id='word_1_14' title='bbox 592 499 693 570; x_wconf 76' lang='lat' dir='ltr'>almus,</span> <span class='ocrx_word' id='word_1_15' title='bbox 856 498 991 556; x_wconf 87' lang='lat' dir='ltr'>deridens</span> <span class='ocrx_word' id='word_1_16' title='bbox 1014 515 1088 558; x_wconf 85' lang='lat' dir='ltr'>vane</span> <span class='ocrx_word' id='word_1_17' title='bbox 1106 498 1247 572; x_wconf 83' lang='lat' dir='ltr'>jubentis,</span> 
     </span>
     <span class='ocr_line' id='line_1_4' title="bbox 193 582 1160 658; baseline 0.003 -19"><span class='ocrx_word' id='word_1_18' title='bbox 193 583 247 656; x_wconf 74' lang='lat' dir='ltr'>Qui</span> <span class='ocrx_word' id='word_1_19' title='bbox 267 599 320 655; x_wconf 93' lang='lat' dir='ltr'>pro</span> <span class='ocrx_word' id='word_1_20' title='bbox 342 582 481 656; x_wconf 85' lang='lat' dir='ltr'>martyrio</span> <span class='ocrx_word' id='word_1_21' title='bbox 812 584 958 656; x_wconf 77' lang='lat' dir='ltr'>Praecipit</span> <span class='ocrx_word' id='word_1_22' title='bbox 976 600 1026 642; x_wconf 92' lang='lat' dir='ltr'>ore</span> <span class='ocrx_word' id='word_1_23' title='bbox 1047 591 1160 658; x_wconf 85' lang='lat' dir='ltr'>tonans,</span> 
     </span>
     <span class='ocr_line' id='line_1_5' title="bbox 241 667 1199 743; baseline 0.004 -17"><span class='ocrx_word' id='word_1_24' title='bbox 241 675 270 726; x_wconf 93' lang='lat' dir='ltr'>te</span> <span class='ocrx_word' id='word_1_25' title='bbox 292 669 371 727; x_wconf 90' lang='lat' dir='ltr'>cauit</span> <span class='ocrx_word' id='word_1_26' title='bbox 391 669 422 727; x_wconf 92' lang='lat' dir='ltr'>in</span> <span class='ocrx_word' id='word_1_27' title='bbox 439 667 541 741; x_wconf 89' lang='lat' dir='ltr'>jubilo.</span> <span class='ocrx_word' id='word_1_28' title='bbox 854 687 910 743; x_wconf 91' lang='lat' dir='ltr'>quo</span> <span class='ocrx_word' id='word_1_29' title='bbox 931 670 1085 730; x_wconf 88' lang='lat' dir='ltr'>simulacra</span> <span class='ocrx_word' id='word_1_30' title='bbox 1106 675 1199 730; x_wconf 88' lang='lat' dir='ltr'>ruant.</span> 
     </span>
    </p>
   </div>
   <div class='ocr_carea' id='block_1_3' title="bbox 145 788 1217 1121">
    <p class='ocr_par' dir='ltr' id='par_1_3' title="bbox 145 788 1217 1121">
     <span class='ocr_line' id='line_1_6' title="bbox 145 788 1094 864; baseline -0.003 -14"><span class='ocrx_word' id='word_1_31' title='bbox 145 794 173 850; x_wconf 83' lang='grc'>3.</span> <span class='ocrx_word' id='word_1_32' title='bbox 198 789 366 861; x_wconf 88' lang='lat' dir='ltr'>Despioiens</span> <span class='ocrx_word' id='word_1_33' title='bbox 389 790 524 848; x_wconf 86' lang='lat' dir='ltr'>mundum</span> <span class='ocrx_word' id='word_1_34' title='bbox 759 794 786 850; x_wconf 88' lang='lat'>3.</span> <span class='ocrx_word' id='word_1_35' title='bbox 812 790 951 864; x_wconf 85' lang='lat' dir='ltr'>Martyris</span> <span class='ocrx_word' id='word_1_36' title='bbox 972 788 1094 863; x_wconf 88' lang='lat' dir='ltr'>imperio</span> 
     </span>
     <span class='ocr_line' id='line_1_7' title="bbox 243 872 1217 949; baseline 0.003 -18"><span class='ocrx_word' id='word_1_37' title='bbox 243 872 314 932; x_wconf 79' lang='lat' dir='ltr'>felix</span> <span class='ocrx_word' id='word_1_38' title='bbox 337 875 419 934; x_wconf 88' lang='lat' dir='ltr'>sedet</span> <span class='ocrx_word' id='word_1_39' title='bbox 440 882 503 934; x_wconf 86' lang='lat' dir='ltr'>arte</span> <span class='ocrx_word' id='word_1_40' title='bbox 524 876 653 949; x_wconf 88' lang='lat' dir='ltr'>polorum</span> <span class='ocrx_word' id='word_1_41' title='bbox 857 875 972 949; x_wconf 79' lang='lat' dir='ltr'>gentilis</span> <span class='ocrx_word' id='word_1_42' title='bbox 995 874 1105 934; x_wconf 86' lang='lat' dir='ltr'><strong>decidit</strong></span> <span class='ocrx_word' id='word_1_43' title='bbox 1126 891 1217 947; x_wconf 86' lang='lat' dir='ltr'>error,</span> 
     </span>
     <span class='ocr_line' id='line_1_8' title="bbox 197 960 1127 1034; baseline 0.002 -16"><span class='ocrx_word' id='word_1_44' title='bbox 197 962 293 1034; x_wconf 84' lang='lat' dir='ltr'>Atque</span> <span class='ocrx_word' id='word_1_45' title='bbox 313 961 402 1019; x_wconf 89' lang='lat' dir='ltr'>sacris</span> <span class='ocrx_word' id='word_1_46' title='bbox 425 961 533 1020; x_wconf 90' lang='lat' dir='ltr'>meritis</span> <span class='ocrx_word' id='word_1_47' title='bbox 812 963 925 1020; x_wconf 83' lang='lat' dir='ltr'>Aureus</span> <span class='ocrx_word' id='word_1_48' title='bbox 948 966 1034 1034; x_wconf 88' lang='lat' dir='ltr'>atque</span> <span class='ocrx_word' id='word_1_49' title='bbox 1057 960 1127 1020; x_wconf 87' lang='lat' dir='ltr'>deus</span> 
     </span>
     <span class='ocr_line' id='line_1_9' title="bbox 242 1045 1132 1121; baseline 0.004 -17"><span class='ocrx_word' id='word_1_50' title='bbox 242 1046 377 1119; x_wconf 80' lang='lat' dir='ltr'>splendet</span> <span class='ocrx_word' id='word_1_51' title='bbox 398 1045 504 1120; x_wconf 82' lang='lat' dir='ltr'>ubique</span> <span class='ocrx_word' id='word_1_52' title='bbox 525 1048 594 1108; x_wconf 85' lang='lat' dir='ltr'>suis.</span> <span class='ocrx_word' id='word_1_53' title='bbox 856 1047 890 1105; x_wconf 87' lang='lat' dir='ltr'>lit</span> <span class='ocrx_word' id='word_1_54' title='bbox 909 1045 981 1105; x_wconf 86' lang='lat' dir='ltr'>cinis</span> <span class='ocrx_word' id='word_1_55' title='bbox 1003 1046 1132 1121; x_wconf 80' lang='lat' dir='ltr'>exiguus.</span> 
     </span>
    </p>
   </div>
   <div class='ocr_carea' id='block_1_4' title="bbox 147 1164 1313 1417">
    <p class='ocr_par' dir='ltr' id='par_1_4' title="bbox 147 1164 1313 1417">
     <span class='ocr_line' id='line_1_10' title="bbox 764 1164 1128 1239; baseline 0 -14"><span class='ocrx_word' id='word_1_56' title='bbox 764 1168 792 1225; x_wconf 85' lang='lat'>4.</span> <span class='ocrx_word' id='word_1_57' title='bbox 818 1164 887 1222; x_wconf 88' lang='lat' dir='ltr'>Post</span> <span class='ocrx_word' id='word_1_58' title='bbox 910 1179 1009 1226; x_wconf 85' lang='lat' dir='ltr'>caesus</span> <span class='ocrx_word' id='word_1_59' title='bbox 1031 1165 1128 1239; x_wconf 79' lang='lat' dir='ltr'>gladio</span> 
     </span>
     <span class='ocr_line' id='line_1_11' title="bbox 856 1250 1313 1327; baseline 0.011 -19"><span class='ocrx_word' id='word_1_60' title='bbox 856 1250 983 1309; x_wconf 88' lang='lat' dir='ltr'>sociatur</span> <span class='ocrx_word' id='word_1_61' title='bbox 1002 1251 1033 1309; x_wconf 94' lang='lat' dir='ltr'>in</span> <span class='ocrx_word' id='word_1_62' title='bbox 1055 1251 1172 1311; x_wconf 80' lang='lat' dir='ltr'><strong>aethere</strong></span> <span class='ocrx_word' id='word_1_63' title='bbox 1187 1252 1313 1327; x_wconf 85' lang='lat' dir='ltr'>Christo,</span> 
     </span>
     <span class='ocr_line' id='line_1_12' title="bbox 147 1335 1174 1417; baseline -0.005 -16"><span class='ocrx_word' id='word_1_64' title='bbox 147 1340 176 1400; x_wconf 95' lang='lat'>1.</span> <span class='ocrx_word' id='word_1_65' title='bbox 201 1341 290 1400; x_wconf 86' lang='lat' dir='ltr'>Sacra</span> <span class='ocrx_word' id='word_1_66' title='bbox 312 1337 373 1396; x_wconf 87' lang='lat' dir='ltr'>dies</span> <span class='ocrx_word' id='word_1_67' title='bbox 395 1337 493 1417; x_wconf 76' lang='lat' dir='ltr'>instat,</span> <span class='ocrx_word' id='word_1_68' title='bbox 814 1336 903 1408; x_wconf 85' lang='lat' dir='ltr'>Quem</span> <span class='ocrx_word' id='word_1_69' title='bbox 925 1335 1025 1396; x_wconf 92' lang='lat' dir='ltr'>laudat</span> <span class='ocrx_word' id='word_1_70' title='bbox 1046 1337 1174 1411; x_wconf 58' lang='lat' dir='ltr'>medens</span> 
     </span>
    </p>
   </div>
   <div class='ocr_carea' id='block_1_5' title="bbox 323 1216 508 1282">
    <p class='ocr_par' dir='ltr' id='par_1_5' title="bbox 323 1216 508 1282">
     <span class='ocr_line' id='line_1_13' title="bbox 323 1216 508 1282; baseline 0 -15"><span class='ocrx_word' id='word_1_71' title='bbox 323 1216 508 1282; x_wconf 85' lang='lat' dir='ltr'>Responsoria.</span> 
     </span>
    </p>
   </div>
   <div class='ocr_carea' id='block_1_6' title="bbox 200 1422 1206 1674">
    <p class='ocr_par' dir='ltr' id='par_1_6' title="bbox 200 1422 1206 1674">
     <span class='ocr_line' id='line_1_14' title="bbox 241 1422 1206 1499; baseline 0.002 -17"><span class='ocrx_word' id='word_1_72' title='bbox 241 1440 326 1497; x_wconf 90' lang='lat' dir='ltr'>quam</span> <span class='ocrx_word' id='word_1_73' title='bbox 348 1423 403 1482; x_wconf 88' lang='lat' dir='ltr'>rite</span> <span class='ocrx_word' id='word_1_74' title='bbox 425 1423 565 1499; x_wconf 81' lang='lat' dir='ltr'><strong>Georgius</strong></span> <span class='ocrx_word' id='word_1_75' title='bbox 587 1433 680 1499; x_wconf 87' lang='lat' dir='ltr'>ornat,</span> <span class='ocrx_word' id='word_1_76' title='bbox 854 1422 951 1481; x_wconf 84' lang='lat' dir='ltr'>laurea</span> <span class='ocrx_word' id='word_1_77' title='bbox 973 1429 1072 1482; x_wconf 86' lang='lat' dir='ltr'>sancta</span> <span class='ocrx_word' id='word_1_78' title='bbox 1094 1438 1206 1497; x_wconf 81' lang='lat' dir='ltr'>gerens.</span> 
     </span>
     <span class='ocr_line' id='line_1_15' title="bbox 200 1507 487 1583; baseline 0.003 -16"><span class='ocrx_word' id='word_1_79' title='bbox 200 1513 262 1583; x_wconf 82' lang='lat' dir='ltr'>Qua</span> <span class='ocrx_word' id='word_1_80' title='bbox 284 1507 371 1567; x_wconf 90' lang='lat' dir='ltr'>subiit</span> <span class='ocrx_word' id='word_1_81' title='bbox 394 1510 487 1568; x_wconf 82' lang='lat' dir='ltr'>melos</span> 
     </span>
     <span class='ocr_line' id='line_1_16' title="bbox 242 1590 1144 1674; baseline -0.011 -21"><span class='ocrx_word' id='word_1_82' title='bbox 242 1612 295 1668; x_wconf 89' lang='lat' dir='ltr'>pru</span> <span class='ocrx_word' id='word_1_83' title='bbox 319 1593 433 1656; x_wconf 74' lang='lat' dir='ltr'>Christo</span> <span class='ocrx_word' id='word_1_84' title='bbox 455 1596 592 1670; x_wconf 81' lang='lat' dir='ltr'>sauguine</span> <span class='ocrx_word' id='word_1_85' title='bbox 614 1595 687 1674; x_wconf 68' lang='lat' dir='ltr'>fuso,</span> <span class='ocrx_word' id='word_1_86' title='bbox 905 1590 960 1640; x_wconf 74' lang='lat' dir='ltr'>&#39;Ad</span> <span class='ocrx_word' id='word_1_87' title='bbox 977 1591 1144 1643; x_wconf 66' lang='lat' dir='ltr'>Benedictus.</span> 
     </span>
    </p>
   </div>
   <div class='ocr_carea' id='block_1_7' title="bbox 136 1679 1288 2300">
    <p class='ocr_par' dir='ltr' id='par_1_7' title="bbox 136 1679 1288 2300">
     <span class='ocr_line' id='line_1_17' title="bbox 136 1679 1139 1788; baseline 0.003 -18"><span class='ocrx_word' id='word_1_88' title='bbox 136 1683 169 1741; x_wconf 78' lang='lat' dir='ltr'>V·</span> <span class='ocrx_word' id='word_1_89' title='bbox 199 1681 283 1778; x_wconf 49' lang='grc' dir='ltr'>ΡΨ</span> <span class='ocrx_word' id='word_1_90' title='bbox 305 1679 425 1778; x_wconf 61' lang='lat' dir='ltr'><strong>9⁰¹¹⁰ss¹⁰</strong></span> <span class='ocrx_word' id='word_1_91' title='bbox 477 1767 482 1778; x_wconf 82' lang='grc'><em>,</em></span> <span class='ocrx_word' id='word_1_92' title='bbox 749 1714 786 1773; x_wconf 79' lang='lat' dir='ltr'>n.</span> <span class='ocrx_word' id='word_1_93' title='bbox 811 1714 868 1775; x_wconf 83' lang='lat' dir='ltr'>0re</span> <span class='ocrx_word' id='word_1_94' title='bbox 889 1713 1139 1788; x_wconf 63' lang='lat' dir='ltr'>cranemerae,</span> 
     </span>
     <span class='ocr_line' id='line_1_18' title="bbox 239 1767 1288 1874; baseline 0.001 -18"><span class='ocrx_word' id='word_1_95' title='bbox 239 1771 369 1840; x_wconf 65' lang='lat' dir='ltr'>Junssmff</span> <span class='ocrx_word' id='word_1_96' title='bbox 390 1767 529 1840; x_wconf 60' lang='lat' dir='ltr'>fflssehoe·</span> <span class='ocrx_word' id='word_1_97' title='bbox 856 1803 966 1873; x_wconf 85' lang='lat' dir='ltr'>martyr</span> <span class='ocrx_word' id='word_1_98' title='bbox 987 1802 1150 1860; x_wconf 87' lang='lat' dir='ltr'>uenerande</span> <span class='ocrx_word' id='word_1_99' title='bbox 1172 1800 1288 1874; x_wconf 82' lang='lat' dir='ltr'>Georgi,</span> 
     </span>
     <span class='ocr_line' id='line_1_19' title="bbox 148 1884 1097 1960; baseline 0 -15"><span class='ocrx_word' id='word_1_100' title='bbox 148 1889 177 1947; x_wconf 84' lang='lat'>2.</span> <span class='ocrx_word' id='word_1_101' title='bbox 200 1885 337 1960; x_wconf 85' lang='lat' dir='ltr'>Martyrii</span> <span class='ocrx_word' id='word_1_102' title='bbox 360 1884 473 1957; x_wconf 85' lang='lat' dir='ltr'>palmae</span> <span class='ocrx_word' id='word_1_103' title='bbox 814 1884 1019 1944; x_wconf 87' lang='lat' dir='ltr'>Condeecende</span> <span class='ocrx_word' id='word_1_104' title='bbox 1040 1885 1097 1945; x_wconf 87' lang='lat' dir='ltr'>tuis</span> 
     </span>
     <span class='ocr_line' id='line_1_20' title="bbox 243 1970 1212 2048; baseline 0.003 -20"><span class='ocrx_word' id='word_1_105' title='bbox 243 1978 395 2029; x_wconf 81' lang='lat' dir='ltr'>creverunt</span> <span class='ocrx_word' id='word_1_106' title='bbox 416 1970 633 2048; x_wconf 78' lang='lat' dir='ltr'>multiplicatae,</span> <span class='ocrx_word' id='word_1_107' title='bbox 857 1971 970 2042; x_wconf 84' lang='lat' dir='ltr'>peccati</span> <span class='ocrx_word' id='word_1_108' title='bbox 989 1972 1063 2030; x_wconf 89' lang='lat' dir='ltr'>mole</span> <span class='ocrx_word' id='word_1_109' title='bbox 1085 1971 1212 2046; x_wconf 80' lang='lat' dir='ltr'>grauatis</span> 
     </span>
     <span class='ocr_line' id='line_1_21' title="bbox 199 2055 1098 2130; baseline 0.002 -16"><span class='ocrx_word' id='word_1_110' title='bbox 199 2055 258 2116; x_wconf 87' lang='lat' dir='ltr'>Sub</span> <span class='ocrx_word' id='word_1_111' title='bbox 280 2055 408 2115; x_wconf 85' lang='lat' dir='ltr'>Deciano</span> <span class='ocrx_word' id='word_1_112' title='bbox 816 2055 1019 2130; x_wconf 80' lang='lat' dir='ltr'>suffragiisque</span> <span class='ocrx_word' id='word_1_113' title='bbox 1040 2057 1098 2116; x_wconf 90' lang='lat' dir='ltr'>tuis</span> 
     </span>
     <span class='ocr_line' id='line_1_22' title="bbox 240 2141 1151 2216; baseline 0.005 -15"><span class='ocrx_word' id='word_1_114' title='bbox 240 2141 405 2214; x_wconf 80' lang='lat' dir='ltr'>pariterque</span> <span class='ocrx_word' id='word_1_115' title='bbox 427 2142 611 2202; x_wconf 84' lang='lat' dir='ltr'>Maximiano.</span> <span class='ocrx_word' id='word_1_116' title='bbox 856 2158 908 2200; x_wconf 88' lang='lat' dir='ltr'>nos</span> <span class='ocrx_word' id='word_1_117' title='bbox 930 2142 1009 2201; x_wconf 89' lang='lat' dir='ltr'>socia</span> <span class='ocrx_word' id='word_1_118' title='bbox 1029 2143 1151 2216; x_wconf 89' lang='lat' dir='ltr'>superis.</span> 
     </span>
     <span class='ocr_line' id='line_1_23' title="bbox 136 2226 481 2300; baseline 0.003 -15"><span class='ocrx_word' id='word_1_119' title='bbox 136 2229 169 2288; x_wconf 90' lang='lat' dir='ltr'>V.</span> <span class='ocrx_word' id='word_1_120' title='bbox 197 2226 303 2288; x_wconf 86' lang='lat' dir='ltr'>Orbem</span> <span class='ocrx_word' id='word_1_121' title='bbox 326 2226 481 2300; x_wconf 78' lang='lat' dir='ltr'>complevit</span> 
     </span>
    </p>
   </div>
   <div class='ocr_carea' id='block_1_8' title="bbox 243 2313 1192 2437">
    <p class='ocr_par' dir='ltr' id='par_1_8' title="bbox 243 2313 1192 2437">
     <span class='ocr_line' id='line_1_24' title="bbox 243 2313 1192 2437; baseline 0.007 -18"><span class='ocrx_word' id='word_1_122' title='bbox 243 2330 327 2373; x_wconf 56' lang='lat' dir='ltr'>”cm</span> <span class='ocrx_word' id='word_1_123' title='bbox 348 2328 429 2387; x_wconf 46' lang='grc' dir='ltr'>Ψ</span> <span class='ocrx_word' id='word_1_124' title='bbox 451 2313 575 2374; x_wconf 64' lang='lat' dir='ltr'>D⁰mi¹¹i&#39;</span> <span class='ocrx_word' id='word_1_125' title='bbox 878 2365 920 2424; x_wconf 91' lang='lat' dir='ltr'>Iu</span> <span class='ocrx_word' id='word_1_126' title='bbox 943 2367 970 2425; x_wconf 86' lang='lat'>2.</span> <span class='ocrx_word' id='word_1_127' title='bbox 996 2364 1192 2437; x_wconf 83' lang='lat' dir='ltr'>vesperis.</span> 
     </span>
    </p>
   </div>
   <div class='ocr_carea' id='block_1_9' title="bbox 284 2497 1141 2597">
    <p class='ocr_par' dir='ltr' id='par_1_9' title="bbox 284 2497 1141 2597">
     <span class='ocr_line' id='line_1_25' title="bbox 284 2497 1141 2597; baseline -0.043 -2"><span class='ocrx_word' id='word_1_128' title='bbox 284 2537 323 2595; x_wconf 93' lang='lat' dir='ltr'>ln</span> <span class='ocrx_word' id='word_1_129' title='bbox 346 2535 553 2597; x_wconf 86' lang='lat' dir='ltr'>Laudibus.</span> <span class='ocrx_word' id='word_1_130' title='bbox 921 2498 961 2549; x_wconf 77' lang='lat' dir='ltr'>ad</span> <span class='ocrx_word' id='word_1_131' title='bbox 979 2497 1141 2564; x_wconf 54' lang='lat' dir='ltr'>Mwffifieet·</span> 
     </span>
    </p>
   </div>
   <div class='ocr_carea' id='block_1_10' title="bbox 148 2619 1314 3122">
    <p class='ocr_par' dir='ltr' id='par_1_10' title="bbox 148 2619 1314 3122">
     <span class='ocr_line' id='line_1_26' title="bbox 383 2619 1082 2684; baseline -0.007 0"><span class='ocrx_word' id='word_1_132' title='bbox 383 2672 389 2684; x_wconf 91' lang='lat'>.</span> <span class='ocrx_word' id='word_1_133' title='bbox 749 2623 786 2682; x_wconf 82' lang='lat' dir='ltr'>A.</span> <span class='ocrx_word' id='word_1_134' title='bbox 811 2619 929 2683; x_wconf 83' lang='lat' dir='ltr'>Civibus</span> <span class='ocrx_word' id='word_1_135' title='bbox 951 2635 986 2678; x_wconf 88' lang='lat' dir='ltr'>en</span> <span class='ocrx_word' id='word_1_136' title='bbox 1009 2620 1082 2680; x_wconf 88' lang='lat' dir='ltr'>caeli</span> 
     </span>
     <span class='ocr_line' id='line_1_27' title="bbox 329 2671 1249 2781; baseline 0.002 -16"><span class='ocrx_word' id='word_1_137' title='bbox 329 2671 504 2738; x_wconf 73' lang='lat' dir='ltr'>Annphonae.</span> <span class='ocrx_word' id='word_1_138' title='bbox 856 2705 990 2781; x_wconf 84' lang='lat' dir='ltr'>sociatus,</span> <span class='ocrx_word' id='word_1_139' title='bbox 1011 2711 1111 2765; x_wconf 84' lang='lat' dir='ltr'>sancte</span> <span class='ocrx_word' id='word_1_140' title='bbox 1132 2707 1249 2781; x_wconf 81' lang='lat' dir='ltr'>Georgi,</span> 
     </span>
     <span class='ocr_line' id='line_1_28' title="bbox 148 2792 1133 2868; baseline -0.005 -14"><span class='ocrx_word' id='word_1_141' title='bbox 148 2795 175 2854; x_wconf 88' lang='lat'>1.</span> <span class='ocrx_word' id='word_1_142' title='bbox 200 2795 293 2867; x_wconf 90' lang='lat' dir='ltr'>Impia</span> <span class='ocrx_word' id='word_1_143' title='bbox 314 2794 446 2868; x_wconf 80' lang='lat' dir='ltr'>sacrilegi</span> <span class='ocrx_word' id='word_1_144' title='bbox 815 2792 939 2864; x_wconf 84' lang='lat' dir='ltr'>Respice</span> <span class='ocrx_word' id='word_1_145' title='bbox 960 2808 1019 2850; x_wconf 52' lang='lat' dir='ltr'>uos&gt;</span> <span class='ocrx_word' id='word_1_146' title='bbox 1035 2808 1133 2850; x_wconf 91' lang='lat' dir='ltr'>omnes</span> 
     </span>
     <span class='ocr_line' id='line_1_29' title="bbox 241 2874 1314 2954; baseline 0.001 -19"><span class='ocrx_word' id='word_1_147' title='bbox 241 2879 289 2952; x_wconf 85' lang='lat' dir='ltr'>qui</span> <span class='ocrx_word' id='word_1_148' title='bbox 312 2880 423 2953; x_wconf 89' lang='lat' dir='ltr'>sprevit</span> <span class='ocrx_word' id='word_1_149' title='bbox 440 2881 521 2952; x_wconf 91' lang='lat' dir='ltr'>jussa</span> <span class='ocrx_word' id='word_1_150' title='bbox 542 2880 668 2954; x_wconf 85' lang='lat' dir='ltr'>tyranni,</span> <span class='ocrx_word' id='word_1_151' title='bbox 858 2883 907 2936; x_wconf 90' lang='lat' dir='ltr'>tua</span> <span class='ocrx_word' id='word_1_152' title='bbox 928 2877 1083 2951; x_wconf 87' lang='lat' dir='ltr'>splendida</span> <span class='ocrx_word' id='word_1_153' title='bbox 1099 2874 1174 2936; x_wconf 83' lang='lat' dir='ltr'>festa</span> <span class='ocrx_word' id='word_1_154' title='bbox 1188 2878 1314 2936; x_wconf 86' lang='lat' dir='ltr'>colentes</span> 
     </span>
     <span class='ocr_line' id='line_1_30' title="bbox 200 2962 1155 3037; baseline -0.002 -13"><span class='ocrx_word' id='word_1_155' title='bbox 200 2965 331 3024; x_wconf 85' lang='lat' dir='ltr'>Solveret</span> <span class='ocrx_word' id='word_1_156' title='bbox 353 2971 384 3023; x_wconf 89' lang='lat' dir='ltr'>ut</span> <span class='ocrx_word' id='word_1_157' title='bbox 407 2966 487 3024; x_wconf 89' lang='lat' dir='ltr'>vanis</span> <span class='ocrx_word' id='word_1_158' title='bbox 815 2964 931 3037; x_wconf 69' lang='lat' dir='ltr'>Famae</span> <span class='ocrx_word' id='word_1_159' title='bbox 952 2978 1052 3023; x_wconf 84' lang='lat' dir='ltr'>carere</span> <span class='ocrx_word' id='word_1_160' title='bbox 1072 2962 1155 3022; x_wconf 89' lang='lat' dir='ltr'>malis</span> 
     </span>
     <span class='ocr_line' id='line_1_31' title="bbox 241 3048 1173 3122; baseline 0.001 -15"><span class='ocrx_word' id='word_1_161' title='bbox 241 3049 301 3108; x_wconf 91' lang='lat' dir='ltr'>liba</span> <span class='ocrx_word' id='word_1_162' title='bbox 322 3048 447 3110; x_wconf 84' lang='lat' dir='ltr'>nefanda</span> <span class='ocrx_word' id='word_1_163' title='bbox 470 3051 535 3112; x_wconf 92' lang='lat' dir='ltr'>diis.</span> <span class='ocrx_word' id='word_1_164' title='bbox 859 3056 945 3122; x_wconf 90' lang='lat' dir='ltr'>atque</span> <span class='ocrx_word' id='word_1_165' title='bbox 967 3049 1059 3108; x_wconf 83' lang='lat' dir='ltr'>nitere</span> <span class='ocrx_word' id='word_1_166' title='bbox 1080 3049 1173 3108; x_wconf 88' lang='lat' dir='ltr'>bouis.</span> 
     </span>
    </p>
   </div>
   <div class='ocr_carea' id='block_1_11' title="bbox 135 3162 1315 3508">
    <p class='ocr_par' dir='ltr' id='par_1_11' title="bbox 135 3162 1315 3508">
     <span class='ocr_line' id='line_1_32' title="bbox 207 3162 1314 3235; baseline -0.002 -19"><span class='ocrx_word' id='word_1_167' title='bbox 207 3169 282 3217; x_wconf 88' lang='lat' dir='ltr'>Brev.</span> <span class='ocrx_word' id='word_1_168' title='bbox 307 3167 462 3232; x_wconf 80' lang='lat' dir='ltr'>Urgelleuse</span> <span class='ocrx_word' id='word_1_169' title='bbox 488 3171 549 3235; x_wconf 90' lang='lat' dir='ltr'>irnp.</span> <span class='ocrx_word' id='word_1_170' title='bbox 574 3171 694 3219; x_wconf 84' lang='lat' dir='ltr'>venetiis</span> <span class='ocrx_word' id='word_1_171' title='bbox 721 3166 794 3219; x_wconf 79' lang='lat'>1487.</span> <span class='ocrx_word' id='word_1_172' title='bbox 821 3193 853 3203; x_wconf 93' lang='lat'>-</span> <span class='ocrx_word' id='word_1_173' title='bbox 878 3167 917 3217; x_wconf 78' lang='lat' dir='ltr'>Ad</span> <span class='ocrx_word' id='word_1_174' title='bbox 936 3162 1047 3217; x_wconf 66' lang='lat' dir='ltr'>NoctA</span> <span class='ocrx_word' id='word_1_175' title='bbox 1069 3163 1099 3227; x_wconf 79' lang='grc'>2,</span> <span class='ocrx_word' id='word_1_176' title='bbox 1128 3164 1139 3217; x_wconf 97' lang='lat' dir='ltr'>l</span> <span class='ocrx_word' id='word_1_177' title='bbox 1164 3165 1259 3216; x_wconf 82' lang='lat' dir='ltr'>rutilis.</span> <span class='ocrx_word' id='word_1_178' title='bbox 1282 3193 1314 3203; x_wconf 93' lang='lat'>-</span> 
     </span>
     <span class='ocr_line' id='line_1_33' title="bbox 139 3231 1314 3298; baseline -0.001 -14"><span class='ocrx_word' id='word_1_179' title='bbox 139 3231 158 3284; x_wconf 80' lang='lat' dir='ltr'>R</span> <span class='ocrx_word' id='word_1_180' title='bbox 177 3233 208 3294; x_wconf 81' lang='lat'>2,</span> <span class='ocrx_word' id='word_1_181' title='bbox 226 3233 243 3285; x_wconf 90' lang='lat'><strong>3</strong></span> <span class='ocrx_word' id='word_1_182' title='bbox 262 3237 310 3286; x_wconf 87' lang='lat' dir='ltr'>lies</span> <span class='ocrx_word' id='word_1_183' title='bbox 332 3238 502 3288; x_wconf 75' lang='lat' dir='ltr'>Domitiano?</span> <span class='ocrx_word' id='word_1_184' title='bbox 525 3266 554 3273; x_wconf 99' lang='lat'><em>-</em></span> <span class='ocrx_word' id='word_1_185' title='bbox 577 3238 608 3287; x_wconf 90' lang='lat' dir='ltr'>In</span> <span class='ocrx_word' id='word_1_186' title='bbox 627 3237 709 3287; x_wconf 85' lang='lat' dir='ltr'>Laud.</span> <span class='ocrx_word' id='word_1_187' title='bbox 728 3237 794 3288; x_wconf 82' lang='lat' dir='ltr'>fehlt</span> <span class='ocrx_word' id='word_1_188' title='bbox 811 3239 870 3287; x_wconf 88' lang='lat' dir='ltr'>sine</span> <span class='ocrx_word' id='word_1_189' title='bbox 889 3231 922 3298; x_wconf 84' lang='grc' dir='ltr'>Α,</span> <span class='ocrx_word' id='word_1_190' title='bbox 940 3234 1159 3285; x_wconf 88' lang='lat' dir='ltr'>wahrscheinlich</span> <span class='ocrx_word' id='word_1_191' title='bbox 1176 3234 1220 3285; x_wconf 87' lang='lat' dir='ltr'>die</span> <span class='ocrx_word' id='word_1_192' title='bbox 1237 3239 1314 3285; x_wconf 80' lang='lat' dir='ltr'>erate.</span> 
     </span>
     <span class='ocr_line' id='line_1_34' title="bbox 139 3299 1315 3371; baseline 0.001 -18"><span class='ocrx_word' id='word_1_193' title='bbox 139 3299 159 3352; x_wconf 84' lang='grc' dir='ltr'><strong>Α</strong></span> <span class='ocrx_word' id='word_1_194' title='bbox 182 3302 203 3363; x_wconf 92' lang='lat' dir='ltr'>l,</span> <span class='ocrx_word' id='word_1_195' title='bbox 221 3302 238 3354; x_wconf 80' lang='lat'>4</span> <span class='ocrx_word' id='word_1_196' title='bbox 257 3304 358 3355; x_wconf 88' lang='lat' dir='ltr'>liberet.</span> <span class='ocrx_word' id='word_1_197' title='bbox 376 3300 443 3352; x_wconf 80' lang='grc' dir='ltr'>-Α</span> <span class='ocrx_word' id='word_1_198' title='bbox 462 3304 487 3367; x_wconf 83' lang='grc'>2,</span> <span class='ocrx_word' id='word_1_199' title='bbox 505 3303 522 3356; x_wconf 90' lang='grc'>3</span> <span class='ocrx_word' id='word_1_200' title='bbox 540 3307 666 3371; x_wconf 86' lang='lat' dir='ltr'>Percepit.</span> <span class='ocrx_word' id='word_1_201' title='bbox 685 3335 717 3342; x_wconf 92' lang='lat'>-</span> <span class='ocrx_word' id='word_1_202' title='bbox 733 3307 786 3356; x_wconf 80' lang='lat' dir='ltr'>Das</span> <span class='ocrx_word' id='word_1_203' title='bbox 799 3305 920 3357; x_wconf 85' lang='lat' dir='ltr'>Officium</span> <span class='ocrx_word' id='word_1_204' title='bbox 939 3303 987 3353; x_wconf 83' lang='lat' dir='ltr'>hat</span> <span class='ocrx_word' id='word_1_205' title='bbox 997 3318 1088 3368; x_wconf 73' lang='lat' dir='ltr'>wagan</span> <span class='ocrx_word' id='word_1_206' title='bbox 1099 3302 1146 3353; x_wconf 88' lang='lat' dir='ltr'>der</span> <span class='ocrx_word' id='word_1_207' title='bbox 1157 3302 1315 3354; x_wconf 76' lang='lat' dir='ltr'>osterlichen</span> 
     </span>
     <span class='ocr_line' id='line_1_35' title="bbox 135 3370 1312 3425; baseline -0.002 -2"><span class='ocrx_word' id='word_1_208' title='bbox 135 3373 193 3423; x_wconf 83' lang='lat' dir='ltr'>Zeit</span> <span class='ocrx_word' id='word_1_209' title='bbox 215 3389 264 3423; x_wconf 77' lang='lat' dir='ltr'>rtur</span> <span class='ocrx_word' id='word_1_210' title='bbox 285 3375 345 3424; x_wconf 90' lang='lat' dir='ltr'>eine</span> <span class='ocrx_word' id='word_1_211' title='bbox 363 3374 488 3424; x_wconf 83' lang='lat' dir='ltr'>Nocturu.</span> <span class='ocrx_word' id='word_1_212' title='bbox 520 3376 570 3425; x_wconf 88' lang='lat' dir='ltr'>Die</span> <span class='ocrx_word' id='word_1_213' title='bbox 594 3376 630 3423; x_wconf 90' lang='lat' dir='ltr'>irn</span> <span class='ocrx_word' id='word_1_214' title='bbox 652 3374 850 3425; x_wconf 74' lang='lat' dir='ltr'>Vorstehsnden</span> <span class='ocrx_word' id='word_1_215' title='bbox 868 3370 1007 3423; x_wconf 86' lang='lat' dir='ltr'>sehlendeu</span> <span class='ocrx_word' id='word_1_216' title='bbox 1024 3371 1098 3423; x_wconf 87' lang='lat' dir='ltr'>Teile</span> <span class='ocrx_word' id='word_1_217' title='bbox 1116 3371 1174 3422; x_wconf 84' lang='lat' dir='ltr'>sind</span> <span class='ocrx_word' id='word_1_218' title='bbox 1192 3371 1267 3422; x_wconf 88' lang='lat' dir='ltr'>nicht</span> <span class='ocrx_word' id='word_1_219' title='bbox 1284 3373 1312 3422; x_wconf 91' lang='lat' dir='ltr'>in</span> 
     </span>
     <span class='ocr_line' id='line_1_36' title="bbox 135 3441 579 3508; baseline 0.005 -16"><span class='ocrx_word' id='word_1_220' title='bbox 135 3441 285 3506; x_wconf 89' lang='lat' dir='ltr'>poetischer</span> <span class='ocrx_word' id='word_1_221' title='bbox 303 3444 381 3493; x_wconf 82' lang='lat' dir='ltr'>Form</span> <span class='ocrx_word' id='word_1_222' title='bbox 398 3443 579 3508; x_wconf 79' lang='lat' dir='ltr'>geschriebeu.</span> 
     </span>
    </p>
   </div>
   <div class='ocr_carea' id='block_1_12' title="bbox 539 3709 904 3768">
    <p class='ocr_par' dir='ltr' id='par_1_12' title="bbox 539 3709 904 3768">
     <span class='ocr_line' id='line_1_37' title="bbox 539 3709 904 3768; baseline 0.003 -2"><span class='ocrx_word' id='word_1_223' title='bbox 539 3709 582 3767; x_wconf 78' lang='grc'>39.</span> <span class='ocrx_word' id='word_1_224' title='bbox 618 3710 656 3767; x_wconf 76' lang='lat' dir='ltr'>lle</span> <span class='ocrx_word' id='word_1_225' title='bbox 674 3711 774 3767; x_wconf 77' lang='lat' dir='ltr'>sancta</span> <span class='ocrx_word' id='word_1_226' title='bbox 790 3709 904 3768; x_wconf 83' lang='lat' dir='ltr'>lieleua</span> 
     </span>
    </p>
   </div>
   <div class='ocr_carea' id='block_1_13' title="bbox 135 3869 1257 4252">
    <p class='ocr_par' dir='ltr' id='par_1_13' title="bbox 135 3869 1257 4252">
     <span class='ocr_line' id='line_1_38' title="bbox 263 3869 1192 3945; baseline 0.001 -17"><span class='ocrx_word' id='word_1_227' title='bbox 263 3871 303 3929; x_wconf 92' lang='lat' dir='ltr'>lu</span> <span class='ocrx_word' id='word_1_228' title='bbox 329 3872 357 3934; x_wconf 92' lang='lat'>1.</span> <span class='ocrx_word' id='word_1_229' title='bbox 384 3871 574 3945; x_wconf 84' lang='lat' dir='ltr'>vesperis.</span> <span class='ocrx_word' id='word_1_230' title='bbox 871 3870 927 3930; x_wconf 84' lang='lat' dir='ltr'>Ad</span> <span class='ocrx_word' id='word_1_231' title='bbox 949 3869 1192 3930; x_wconf 84' lang='lat' dir='ltr'>Matutinum.</span> 
     </span>
     <span class='ocr_line' id='line_1_39' title="bbox 307 3987 1128 4055; baseline -0.002 -17"><span class='ocrx_word' id='word_1_232' title='bbox 307 3989 347 4039; x_wconf 81' lang='lat' dir='ltr'>Ad</span> <span class='ocrx_word' id='word_1_233' title='bbox 364 3988 526 4055; x_wconf 77' lang='lat' dir='ltr'>Magnificat.</span> <span class='ocrx_word' id='word_1_234' title='bbox 933 3987 1128 4038; x_wconf 83' lang='lat' dir='ltr'>Iuvitatorium.</span> 
     </span>
     <span class='ocr_line' id='line_1_40' title="bbox 135 4091 1257 4164; baseline -0.001 -15"><span class='ocrx_word' id='word_1_235' title='bbox 135 4092 170 4150; x_wconf 78' lang='lat' dir='ltr'>A.</span> <span class='ocrx_word' id='word_1_236' title='bbox 195 4092 219 4151; x_wconf 91' lang='lat'>0</span> <span class='ocrx_word' id='word_1_237' title='bbox 242 4108 326 4164; x_wconf 89' lang='lat' dir='ltr'>quam</span> <span class='ocrx_word' id='word_1_238' title='bbox 348 4091 419 4151; x_wconf 83' lang='lat' dir='ltr'>felix</span> <span class='ocrx_word' id='word_1_239' title='bbox 441 4094 580 4154; x_wconf 83' lang='lat' dir='ltr'>sedulitas</span> <span class='ocrx_word' id='word_1_240' title='bbox 813 4092 957 4153; x_wconf 88' lang='lat' dir='ltr'>Christum</span> <span class='ocrx_word' id='word_1_241' title='bbox 981 4106 1075 4164; x_wconf 78' lang='lat' dir='ltr'>regem</span> <span class='ocrx_word' id='word_1_242' title='bbox 1097 4091 1257 4163; x_wconf 86' lang='lat' dir='ltr'>adoremus,</span> 
     </span>
     <span class='ocr_line' id='line_1_41' title="bbox 199 4174 1225 4252; baseline -0.005 -14"><span class='ocrx_word' id='word_1_243' title='bbox 199 4177 376 4248; x_wconf 86' lang='lat' dir='ltr'>Operatricis</span> <span class='ocrx_word' id='word_1_244' title='bbox 397 4179 522 4252; x_wconf 82' lang='lat' dir='ltr'>humihs‚</span> <span class='ocrx_word' id='word_1_245' title='bbox 855 4176 934 4237; x_wconf 88' lang='lat' dir='ltr'>Coeli</span> <span class='ocrx_word' id='word_1_246' title='bbox 955 4181 1050 4235; x_wconf 84' lang='lat' dir='ltr'>terrae</span> <span class='ocrx_word' id='word_1_247' title='bbox 1072 4174 1225 4244; x_wconf 79' lang='lat' dir='ltr'>dominum,</span> 
     </span>
    </p>
   </div>
   <div class='ocr_carea' id='block_1_14' title="bbox 199 4260 1275 4446">
    <p class='ocr_par' dir='ltr' id='par_1_14' title="bbox 199 4260 1275 4446">
     <span class='ocr_line' id='line_1_42' title="bbox 199 4260 1264 4337; baseline -0.008 -11"><span class='ocrx_word' id='word_1_248' title='bbox 199 4264 276 4335; x_wconf 79' lang='lat' dir='ltr'>Quae</span> <span class='ocrx_word' id='word_1_249' title='bbox 300 4263 406 4325; x_wconf 79' lang='lat' dir='ltr'>Christi</span> <span class='ocrx_word' id='word_1_250' title='bbox 428 4281 549 4337; x_wconf 86' lang='lat' dir='ltr'>sequens</span> <span class='ocrx_word' id='word_1_251' title='bbox 570 4266 686 4325; x_wconf 87' lang='lat' dir='ltr'>semitas</span> <span class='ocrx_word' id='word_1_252' title='bbox 813 4262 867 4335; x_wconf 79' lang='lat' dir='ltr'>Qui</span> <span class='ocrx_word' id='word_1_253' title='bbox 889 4262 1028 4321; x_wconf 87' lang='lat' dir='ltr'>Helenam</span> <span class='ocrx_word' id='word_1_254' title='bbox 1050 4269 1116 4334; x_wconf 91' lang='lat' dir='ltr'>post</span> <span class='ocrx_word' id='word_1_255' title='bbox 1137 4260 1264 4321; x_wconf 84' lang='lat' dir='ltr'>laborem</span> 
     </span>
     <span class='ocr_line' id='line_1_43' title="bbox 200 4345 1275 4446; baseline -0.001 -38"><span class='ocrx_word' id='word_1_256' title='bbox 200 4347 344 4408; x_wconf 89' lang='lat' dir='ltr'>Virtutum</span> <span class='ocrx_word' id='word_1_257' title='bbox 367 4348 449 4409; x_wconf 84' lang='lat' dir='ltr'>fulsit</span> <span class='ocrx_word' id='word_1_258' title='bbox 472 4351 600 4416; x_wconf 83' lang='lat' dir='ltr'>cumulis,</span> <span class='ocrx_word' id='word_1_259' title='bbox 836 4348 942 4446; x_wconf 25' lang='lat' dir='ltr'>&#39;Suum</span> <span class='ocrx_word' id='word_1_260' title='bbox 965 4352 1049 4407; x_wconf 84' lang='lat' dir='ltr'>vocat</span> <span class='ocrx_word' id='word_1_261' title='bbox 1070 4347 1107 4406; x_wconf 86' lang='lat' dir='ltr'>ad</span> <span class='ocrx_word' id='word_1_262' title='bbox 1130 4345 1275 4421; x_wconf 79' lang='lat' dir='ltr'>gaudium.</span> 
     </span>
    </p>
   </div>
   <div class='ocr_carea' id='block_1_15' title="bbox 0 0 1464 4868">
    <p class='ocr_par' dir='ltr' id='par_1_15' title="bbox 0 0 1464 4868">
     <span class='ocr_line' id='line_1_44' title="bbox 0 0 1464 4868; baseline 0 0"><span class='ocrx_word' id='word_1_263' title='bbox 0 0 1464 4868; x_wconf 95' lang='lat' dir='ltr'> </span> 
     </span>
    </p>
   </div>
  </div>
 </body>
</html>
