2918 4868
655 222 886 297 -188-

189 416 219 475 2.
243 410 324 470 lilius
347 424 453 468 exure
941 407 983 465 iii
1006 406 1209 466 Laudibus.

285 496 378 555 sonuit
402 510 465 552 ourn
487 494 581 553 laudis
604 493 720 565 honore,
988 525 1164 590 Antiphontis.

242 581 387 655 Quidquid
408 581 565 639 honestatis

284 669 362 727 ualet
383 681 446 724 esse
468 666 514 725 vel
535 665 676 725 utilitatis.

807 630 835 690 l.
858 629 1008 688 Laudibus
1029 636 1074 688 est
1096 629 1209 704 dignus,

901 732 1011 773 nioruni
1030 717 1137 789 pietate
1159 716 1319 790 benignus,

190 791 219 850 3.
242 789 277 847 Ill
301 786 422 848 Domino
445 784 567 845 confisus
857 801 978 860 Famine
998 801 1164 875 praeclarus

287 872 459 946 contempsit
480 871 585 944 gaudia
607 870 691 945 siffis
900 893 985 960 pater
1007 887 1098 946 almus
1121 886 1325 951 Victorianus.

242 958 283 1019 Ut
304 958 414 1017 mefit'ss
438 956 532 1030 ‘fillis
805 991 835 1051 2.
858 990 1109 1065 nominitant,

286 1044 401 1117 laquem
419 1041 556 1101 “aderet
573 1042 656 1115 5⁸⁰³&
899 1091 970 1147 quas
990 1091 1046 1133 uoii
1069 1075 1185 1134 zabulus
1201 1080 1373 1151 superavit,

371 1213 557 1278 Responsorla.
856 1162 942 1219 Ama
960 1162 1103 1260 coelom?
1176 1249 1182 1260 .
1206 1249 1213 1261 .

899 1254 1053 1319 penetrans
1075 1264 1135 1319 Jaui
1157 1263 1231 1306 civis
1253 1264 1373 1311 eorum.

191 1318 218 1380 ¹¹
243 1320 267 1379 ⁰
288 1318 413 1416 ΨΜ
436 1318 522 1377 dem
805 1351 833 1409 3.
858 1348 960 1407 Vultus
982 1357 1049 1408 anto
1071 1349 1125 1408 Dei

288 1405 415 1474 ss⁸l⁸¹⁸¹¹
437 1416 554 1462 minero
577 1399 677 1473 “emb
900 1434 1021 1507 vigilans
1043 1434 1181 1507 suiriaco
1205 1435 1278 1511 iiii,

243 1489 303 1549 Fae
324 1488 473 1563 praeclues
496 1487 575 1546 coelo
859 1519 981 1592 Semper
1002 1518 1177 1580 adhaerebat

284 1581 449 1648 9¹²⁰&OEoe
472 1572 559 1632 ⁰⁰¹d⁹
580 1588 691 1648 ⁸⁰r⁰¹¹⁰i
897 1605 1029 1679 Domino,
1046 1607 1091 1664 eui
1106 1613 1201 1666 mente
1216 1607 1371 1680 placebat.

181 1664 216 1722 V.
244 1661 417 1731 Victorinus,
441 1660 497 1717 tuis
1117 1711 1123 1723 .
1147 1710 1153 1722 .

288 1748 378 1805 virtus
401 1746 566 1818 clipeusque
588 1744 698 1804 salutis.
802 1707 833 1765 4·
857 1707 984 1782 C⁰rp⁰ffl
1007 1710 1074 1767 dum
1096 1716 1169 1808 vim
1283 1799 1290 1811 .
1316 1799 1322 1811 .

899 1809 1013 1867 semper
1034 1794 1157 1854 Domino
1180 1795 1349 1870 benedixit,

192 1872 221 1929 2·
245 1871 350 1927 Annua
372 1865 512 1940 praeclari
857 1879 992 1938 Creditur
1013 1880 1042 1938 iii
1065 1881 1160 1953 coelis,

285 1951 427 2011 solvamus
449 1949 547 2008 debila
568 1947 635 2007 festi
899 1966 945 2023 oui
967 1981 1043 2024 nune
1062 1965 1225 2027 benedictio
1247 1965 1336 2032 felix.

242 2038 326 2097 Nune
347 2037 414 2110 quie
431 2033 580 2094 luciferum

283 2130 361 2182 tenet
384 2122 451 2181 nula
473 2121 677 2196 victorianum,

243 2209 375 2270 Possidet
397 2215 530 2266 aeternae

285 2293 435 2352 retinendo
457 2293 585 2367 praemia
607 2292 691 2364 vitae,

181 2383 214 2443 V.
242 2381 363 2439 Florens
386 2395 449 2436 euni
468 2378 554 2451 justis

284 2472 316 2525 ut
336 2465 379 2523 sol
403 2480 465 2522 curu
489 2465 552 2522 luee
573 2463 701 2538 pereuni.

806 2072 834 2128 5.
858 2067 960 2126 Cureti
982 2068 1130 2127 laudemus

900 2152 1063 2225 Dominum,
1086 2169 1268 2228 veneremur,
1287 2174 1370 2216 suie-

1150 2256 1223 2308 inus,

856 2324 943 2397 Quem
968 2324 1053 2398 digne
1074 2333 1190 2386 sanetus

899 2410 1028 2469 laudavit
1052 2410 1241 2471 Victorianus.

959 2546 1004 2597 Ad
1022 2545 1188 2597 benedictus.

794 2653 830 2712 ll.
854 2652 952 2711 Fortis
975 2656 1004 2708 et
1023 2650 1146 2709 invictus

424 2807 431 2819 ,
901 2752 952 2795 rex
975 2736 1047 2794 ooeli
1069 2734 1312 2810 attinenciis,

369 2804 544 2870 ⁸¹¹²¹P¹¹⁰¹¹²⁰·
858 2821 973 2882 Guudia
993 2821 1043 2895 qui
1066 2821 1138 2880 eaeli

190 2913 217 2973 1.
240 2910 374 2969 iustitias
396 2910 489 2968 cultor
897 2906 1004 2967 faninlo
1027 2906 1180 2966 tribuendo
1202 2905 1286 2967 fideli

284 2994 339 3055 fuit
358 2995 405 3053 hic
426 3003 455 3052 et
477 2993 603 3053 oriminis
624 2994 710 3072 ultor,
857 2994 905 3053 Ad
928 3009 1047 3067 superos
1068 2999 1197 3052 sanetum

241 3083 282 3143 Ut
296 3081 350 3140 sub
372 3087 449 3139 sorte
470 3080 525 3139 Dei
896 3079 1039 3154 promovit
1060 3078 1268 3151 victorianum,

286 3174 409 3227 montem
432 3172 545 3240 poteret
566 3167 685 3240 requiei.
858 3166 912 3238 Qui
934 3182 985 3224 nos
1006 3182 1024 3224 a
1047 3165 1111 3224 dira

192 3291 221 3352 2,
245 3289 389 3348 virtutum
411 3285 510 3346 florem
896 3256 1012 3310 tueatur
1030 3250 1136 3323 judicis
1156 3249 1211 3313 irs,

285 3373 385 3432 tribuit
394 3372 472 3431 Deus
484 3370 551 3431 huie
560 3377 588 3429 et
595 3372 741 3442 bonorem,
982 3384 1022 3435 Ad
1041 3385 1163 3435 rumam.

241 3462 331 3534 Quam
348 3459 439 3558 ,petiit
460 3459 579 3557 vitam&
612 3543 618 3556 .
793 3493 831 3552 Δ.
852 3490 1008 3548 Doctrinae
1030 3505 1116 3548 sanae

285 3545 355 3603 ooeli
378 3560 495 3617 genimis
519 3545 688 3604 redimitam.
896 3575 944 3648 pie
966 3576 1074 3651 domm,
1097 3574 1273 3653 Victoriam,

189 3669 218 3727 3.
242 3664 345 3739 Corde,
368 3681 453 3723 mauu
474 3663 605 3740 muudus,
857 3661 973 3721 Duxisti
994 3661 1129 3734 placitam

284 3765 377 3820 sensui
402 3765 533 3809 sermone
554 3747 714 3823 profundus
897 3746 1018 3805 Domino
1040 3746 1102 3805 sine
1124 3746 1244 3805 erimine
1258 3748 1361 3828 vitain,

242 3834 381 3893 Ascendit
403 3843 537 3911 montem,
859 3833 943 3892 Nune
964 3847 1017 3906 per
1038 3838 1105 3891 vote
1127 3847 1244 3905 precum

284 3921 740 3994 muudumsuperunspereuutsm.
899 3919 937 3977 du
958 3916 1040 3975 nobis
1063 3917 1159 3976 vivere
1180 3924 1286 3976 tecum.

247 4041 322 4090 Brev.
340 4054 387 4088 uis.
406 4038 549 4088 illardause
568 4054 636 4088 saec.
656 4035 695 4088 15.
724 4040 790 4091 (lod.
808 4040 894 4104 Capit.
913 4013 1034 4087 Illerden.
1053 4033 1218 4085 s.n.-1n
1238 4033 1261 4086 l.
1280 4038 1361 4090 Noet.

177 4105 199 4158 Α
226 4105 253 4168 l,
275 4105 292 4157 2
316 4112 475 4173 procreatus.
498 4108 580 4156 -In
605 4104 629 4158 3.
648 4108 723 4162 Noet.
742 4105 763 4157 Α
781 4104 809 4169 2,
834 4105 934 4157 idone
952 4105 1028 4154 coeli.
1047 4134 1078 4140 -
1098 4105 1129 4154 lii
1146 4104 1231 4155 Laud.
1250 4101 1272 4154 Α
1290 4103 1321 4171 2,
1345 4104 1363 4161 3

178 4176 261 4227 coelo.
280 4203 312 4210 -
332 4177 382 4226 Die
402 4176 514 4240 librigen
532 4175 606 4225 'l'sile
624 4175 670 4225 des
688 4176 823 4228 Officiums
842 4174 986 4242 prosaiseh.

298 2689 339 2746 in
362 2691 392 2752 3.
415 2687 623 2747 Noeturuo.
