2918 4868
617 260 849 328 -279-

144 435 174 492 5.
197 435 253 493 Per
274 433 358 505 hunc,
385 435 550 507 redemptor
571 435 702 511 Domine,
755 441 784 502 6.
807 439 935 513 Praesto,
955 444 1039 512 pater
1060 441 1197 514 piissime,

196 519 258 578 Nos
279 517 446 577 confitentes
468 526 595 595 protege,
808 524 942 598 Patrique
965 540 1081 598 compar
1102 527 1184 585 unice

197 605 257 676 Quo
279 604 411 677 passione
433 606 581 665 vulnerum
807 609 878 669 Cum
899 610 1004 683 spiritu
1026 612 1179 683 paraclito,

197 690 276 748 Coeli
298 696 426 763 petamus
448 692 589 753 meritum.
809 695 941 770 Begnnns
964 711 1016 768 per
1038 713 1120 755 omne
1143 698 1297 760 saeculum.

211 809 286 858 Brev.
305 824 352 858 ms.
369 807 521 858 Exsiliense
538 824 607 859 saec.
626 807 666 860 15.
685 810 748 862 cod.
760 813 888 862 Parisien.
901 813 984 863 Nour.
1004 829 1061 880 aeq.
1079 810 1154 866 2190.
1176 841 1207 849 -
1225 816 1319 865 Dieser

143 877 263 939 Hymnus
281 882 387 926 stammt
404 892 451 926 aus
469 876 528 926 dem
543 878 762 930 Mozarabischen
779 882 863 930 Ritus.

475 1113 538 1172 489.
573 1114 611 1172 lle
627 1113 760 1172 Pluribus
781 1111 995 1173 conlusoribus.

631 1234 674 1290 nd
692 1235 832 1306 Vesperas.

391 1362 418 1420 1.
444 1360 519 1420 Laus
542 1359 736 1421 confessorum
758 1368 872 1422 resonat
894 1366 1056 1421 sanctomm

441 1450 517 1505 Arce
539 1463 641 1506 serene
658 1447 805 1522 gloriaque
826 1448 921 1521 plena,

440 1535 515 1605 Quos
536 1534 638 1606 agonia
659 1534 689 1591 in
712 1533 766 1592 hac
791 1533 867 1592 vitae
888 1533 937 1594 ris

481 1618 557 1676 Mire
579 1617 720 1692 probavit

389 1722 417 1779 2.
441 1720 655 1794 Misericordas,
678 1720 771 1794 mites,
794 1721 996 1780 mundicordes

441 1806 492 1864 Pie
513 1807 688 1880 languentes,
711 1822 775 1865 reos
799 1806 996 1880 delinquentes

440 1890 570 1950 Christus
592 1892 701 1964 allexit,
725 1907 796 1965 quos
817 1891 940 1950 mundus
963 1891 1094 1965 desperit

483 1976 522 2035 Et
543 1977 717 2050 reprobavit

386 2096 414 2155 3.
439 2099 473 2155 ln
495 2098 660 2170 praesulatu
681 2096 797 2170 quidam
819 2096 906 2173 digno
927 2102 1013 2171 statu,

440 2182 539 2256 Longo
560 2183 669 2258 labore,
692 2182 816 2256 spiritaii
839 2198 903 2241 rore

439 2267 487 2326 Sic
509 2274 723 2340 concurremnt,
746 2268 822 2341 quod
843 2276 1062 2341 promeruerunt

481 2354 580 2426 Regna
600 2354 740 2428 polomm.

386 2461 414 2516 «l.
440 2456 584 2516 Christum
605 2456 697 2516 secuti
719 2456 755 2515 de
775 2455 911 2514 mercede
932 2457 995 2530 tuti,

438 2541 520 2612 Quod
544 2541 711 2616 docuemnt,
734 2540 811 2602 facto
833 2542 1055 2620 compleverunt,

438 2625 507 2685 Sine
528 2643 663 2687 mucrone
684 2633 841 2703 martyrum
864 2642 954 2701 agone

480 2712 560 2771 Freti
582 2718 753 2773 sanctorum.

386 2817 415 2875 5.
439 2815 483 2875 Sit
504 2816 566 2874 laus
588 2816 632 2875 illi
654 2817 784 2876 culminis
803 2816 961 2890 nanqmlli,

439 2902 493 2974 Qui
521 2902 593 2961 coeli
614 2902 708 2961 lumen
729 2907 806 2961 tenet
829 2908 859 2960 et
880 2917 1024 2978 cacumen,

435 2987 529 3046 Vitam
552 2993 581 3045 et
603 2985 687 3047 funus
711 2987 782 3046 dans
804 2994 834 3047 et
856 2988 931 3047 ritae
952 3004 1052 3046 munus
1153 2981 1156 2987 ’

479 3073 584 3134 Triuus
606 3079 635 3131 et
656 3090 736 3132 unus.

207 3190 281 3239 Brer.
299 3190 413 3241 Oscense
437 3196 464 3241 et
479 3191 607 3241 Jaccense
631 3192 694 3256 imp.
712 3191 937 3257 Caesaraugustae
965 3188 1038 3241 1505.
1062 3214 1096 3226 -
1117 3188 1141 3252 2,
1167 3189 1237 3242 tut
1254 3207 1312 3258 pro·

138 3256 220 3306 bavit
240 3285 271 3293 -
290 3256 315 3322 5,
336 3255 348 3307 l
368 3259 426 3309 laus
444 3259 590 3324 dreiailbig.
608 3285 641 3293 -
660 3257 684 3320 5,
702 3255 719 3308 2
736 3265 808 3309 tenet
824 3260 964 3310 cntionem.
984 3289 1015 3296 -
1034 3257 1058 3320 5,
1077 3257 1180 3310 4Daus
1198 3266 1224 3310 et
1235 3276 1311 3311 unus.

466 3494 528 3551 dell.
564 3492 603 3551 lle
620 3490 752 3552 Pluribus
770 3490 988 3551 contessorilrus.

604 3614 647 3669 Ad
665 3615 836 3670 Nocturnum.

139 3741 167 3799 1.
192 3742 226 3801 ln
247 3738 427 3814 perferendis
449 3740 554 3801 eminet
750 3742 779 3800 3.
804 3742 843 3803 Ut
864 3742 970 3812 quanto
993 3737 1155 3797 diuturnius

190 3827 343 3885 Fortitudo
367 3826 512 3899 conuiciis,
803 3825 911 3884 Eorum
933 3823 1016 3882 labor
1035 3823 1137 3897 riguit,

190 3911 238 3971 Sic
261 3910 454 3971 confessomm
478 3912 635 3985 praeminet
802 3910 896 3969 Tanto
918 3909 1122 3968 accumulatius

189 3998 288 4056 Virtus
312 3999 373 4058 reri
394 3998 519 4061 indiciis.
805 3996 859 4054 His
880 3995 1013 4055 meritum
1034 3994 1221 4068 resplenduit.

137 4103 165 4160 2.
190 4101 254 4174 His,
278 4117 348 4174 quos
369 4101 507 4174 longaevo
529 4106 657 4173 tempore
752 4102 780 4159 4.
807 4098 940 4156 Viventes
962 4098 1125 4170 evangelice

191 4187 364 4260 Quotidiana
385 4187 481 4259 passio
805 4181 938 4242 Perfecta
959 4183 1107 4257 patientia,

190 4271 313 4345 diligit,
337 4272 431 4331 carnis
452 4287 538 4329 onere
803 4268 998 4330 lucunditatie
1021 4268 1144 4326 coelicae

190 4357 278 4416 Gravi
301 4359 398 4416 studet
419 4357 566 4430 martyrio.
802 4355 890 4414 Prata
912 4354 1008 4413 colunt
1030 4353 1162 4413 virentia.
