2918 4868
605 248 837 313 -103-

197 420 257 478 Fac
278 425 358 479 stans
379 427 446 479 ante
469 422 632 493 Dominum,

197 505 236 565 Ut
259 506 400 565 sarcinam
421 508 626 580 peccaminum,

238 594 317 664 Quae
340 592 389 651 din
411 610 462 651 uos
484 594 625 667 gravavit,

239 676 324 751 Luat,
347 679 470 751 quinos
493 679 612 738 creavit.

253 830 309 889 Ad
336 831 575 891 Matutinum.

319 933 514 983 Invitatorium.

197 1019 359 1078 Adoremus
382 1019 528 1078 humiliter

240 1105 347 1178 Regem
369 1105 615 1182 archangelorum,

199 1189 271 1249 Cum
293 1208 349 1264 qno
371 1191 443 1249 vivit
464 1189 590 1250 feliciter

240 1275 369 1350 Gabriel,
392 1277 442 1335 lux
464 1284 638 1337 sanctorum.

254 1431 295 1488 In
318 1432 345 1490 1.
369 1431 575 1490 Nocturno.

328 1531 503 1596 Antiphonae.

147 1619 175 1678 l.
199 1617 317 1676 Gabriel
340 1619 520 1693 privilegium

242 1706 316 1764 Prae
338 1705 476 1763 creaturis
498 1703 630 1763 omnibus

200 1789 295 1847 Habet
316 1790 470 1863 pandendo
492 1788 583 1848 filium

241 1875 296 1932 Dei
319 1876 431 1934 Mariae
449 1874 576 1936 auribus.

148 1981 177 2041 2.
200 1976 352 2050 Nunquam
374 1976 430 2036 tuit
451 1993 505 2035 uec
527 1975 614 2036 fuerit

243 2064 277 2120 In
298 2064 404 2121 mundo
427 2078 479 2121 nec
502 2062 649 2136 incaelis,

201 2149 256 2207 Per
276 2164 359 2220 quem
383 2148 463 2221 virgo
487 2148 650 2223 conceperit

244 2235 276 2292 In
301 2234 395 2292 verbis
417 2233 571 2293 Gabrielis.

150 2340 177 2395 3.
202 2335 288 2413 Ergo,
311 2335 439 2413 Gabriel,
459 2337 553 2395 carlus

244 2423 407 2494 Precemnr,
430 2428 463 2481 ut
482 2422 648 2496 obsequium

199 2508 299 2565 Sumus
321 2515 450 2566 nostrum
472 2509 626 2568 lactantius

243 2593 282 2650 Et
302 2593 343 2651 sis
365 2593 448 2653 nobis
470 2593 655 2667 praesidinm.

323 2713 508 2777 Responsoria.

200 2799 386 2857 Gratulanter

240 2884 295 2942 Dei
314 2885 435 2944 ecclesia

198 2969 343 3028 Gabrielis

240 3061 308 3128 agat
328 3056 476 3133 solemnia,

199 3139 363 3199 Deicrentie

242 3226 354 3284 Mariae
374 3228 474 3286 nuntia

242 3311 333 3370 Nobis
355 3312 490 3374 salubria.

135 3399 169 3456 V.
203 3397 258 3454 llic
279 3398 379 3471 ingens
399 3399 515 3456 nuntius

198 3483 243 3540 Do
265 3483 352 3541 coelis
374 3484 510 3557 grandius

199 3568 330 3627 Adduxit
350 3570 477 3627 sanctius

243 3656 299 3714 Pro
321 3654 403 3713 nobis
425 3655 538 3728 gaudia.

147 3757 617 3831 Ghoemmmmm

242 3844 280 3901 Et
301 3843 357 3902 Dei
378 3844 606 3922 instrumentum,

198 3928 335 3987 Nostrum
356 3929 406 4003 pia
428 3930 571 4002 piaculum

242 4015 298 4073 Per
319 4019 397 4072 tuum
420 4015 621 4088 interventum,

199 4100 246 4158 Ad
270 4100 341 4159 coeli
359 4100 573 4160 tabernaculum

761 425 790 482 3.
814 422 938 482 Plaudet
957 421 1052 481 fidelis
1075 423 1175 481 concio

857 508 1036 581 cognoscens
1058 507 1198 566 beneficia

815 593 960 653 Gabrielis
981 593 1118 667 obsequio

856 679 947 737 Nobis
969 679 1169 754 provenientia

856 765 883 823 A
906 764 1005 824 divina
1026 765 1197 836 clementia3

750 851 786 913 V.
814 850 963 909 Danielem
986 851 1033 909 hic
1055 850 1159 909 imbuit

859 937 1007 996 visionum
1029 936 1160 1009 scientia,

815 1021 859 1080 De
880 1022 1012 1083 lohanne
1034 1021 1204 1097 praedocuit

857 1106 896 1165 Et
922 1108 959 1167 de
982 1107 1097 1168 Christo
1119 1108 1273 1181 magnalia.

870 1330 911 1389 ln
933 1332 962 1390 2.
985 1330 1193 1394 Nocturno.

944 1447 1120 1513 Antiphonae.

763 1554 791 1612 1.
815 1551 989 1629 Gabrielem,
1013 1569 1096 1629 quem
1117 1553 1233 1612 trinitas

856 1639 913 1697 Pro
936 1638 1019 1696 uobis
1041 1638 1121 1697 misit
1143 1640 1272 1697 nuntium

815 1725 850 1782 lu
872 1723 980 1796 orbem,
1003 1730 1102 1784 nostra
1125 1724 1230 1784 ceritas

857 1808 987 1868 Extollet
1010 1807 1133 1869 fundens
1156 1811 1301 1884 gandium.

762 1914 790 1971 2.
814 1911 877 1969 Lux
901 1911 1020 1970 Gabriel
1042 1912 1204 1989 purissima,

856 1996 958 2056 Clarus
980 1995 1027 2056 lac
1049 2004 1162 2056 nostres
1185 2005 1294 2057 mentes

814 2081 876 2140 Tua
900 2098 986 2155 prece
1008 2083 1196 2159 sanctissime,

859 2168 899 2229 Ut
920 2169 979 2226 sint
1000 2168 1092 2226 Deum
1116 2169 1256 2229 videntes.

763 2272 791 2331 3.
815 2269 1037 2328 Solemuizemus
1060 2269 1146 2329 hodie

857 2356 940 2414 Diem
961 2361 1089 2414 sanctam
1112 2362 1141 2414 et
1162 2357 1249 2429 piam,

815 2439 979 2500 Gabrielem
1002 2457 1052 2500 rex
1074 2441 1183 2514 gloriae

858 2528 920 2599 Qun
941 2527 1019 2585 misit
1040 2526 1078 2585 ed
1100 2527 1233 2588 Mariam.

937 2697 1123 2762 Responaoria.

763 2803 790 2861 1.
816 2800 995 2861 Hierusalem

856 2901 909 2961 per
929 2886 1004 2944 hunc
1025 2884 1174 2944 subversio

813 2971 928 3031 Danieli

856 3055 954 3116 lutura
975 3055 1078 3133 patuit,

812 3142 852 3201 Et
874 3142 960 3215 feres,
984 3159 1054 3215 quas

855 3229 929 3287 vidit
950 3228 980 3286 in
1002 3229 1120 3298 somnio,

812 3314 955 3385 Quosdam
976 3327 1058 3387 reges

854 3414 918 3457 esse
939 3398 1083 3476 disseruit,

811 3485 1021 3543 Antichristum

853 3587 906 3630 sua
928 3569 1056 3630 narratio

856 3656 976 3715 Minime
999 3657 1108 3731 tacuit3

748 3743 782 3806 V.
813 3741 1008 3803 occidendum

854 3825 998 3888 curuum
1020 3827 1172 3896 veraciter,

812 3913 1007 3972 Desolandum
1072 3963 1081 3976 ,

856 4000 993 4072 templum
1016 3998 1145 4056 totaliter

856 4083 975 4143 Gabriel
998 4084 1101 4157 posuit.

242 4186 303 4244 Nos
326 4185 414 4245 duces
438 4194 464 4244 et
488 4196 669 4260 proventum,
760 4190 791 4250 2.
814 4186 1049 4246 Commendamus

137 4271 170 4330 V.
203 4271 249 4329 Sis
271 4270 353 4331 nobis
373 4271 587 4346 adminiculum,

199 4356 327 4428 Gabriel,
351 4358 380 4415 iu
401 4357 559 4431 periculmn

243 4443 329 4502 Satan
352 4443 389 4501 ad
412 4449 655 4516 temptamentum.

857 4271 951 4332 cerdis
973 4272 1084 4330 laetitia

814 4357 977 4418 Gabrielem

856 4444 983 4503 divinum
1006 4444 1143 4514 nuntium,
