2918 4868
619 223 828 298 ..71-

128 399 162 457 3.
185 397 229 454 Te
249 402 413 470 sequuntur,
435 400 465 454 te
484 394 617 457 fruantur
749 403 777 462 4.
801 400 859 459 Sed
882 401 1002 474 Agnetis
1025 402 1098 460 votis
1120 403 1203 461 luetis

229 482 438 557 Nuncet,cum
450 482 695 556 vitamtermines,
846 486 906 544 Vox
929 493 992 545 oret
1013 493 1042 544 te
1061 489 1225 563 jucundius,

184 568 226 628 Ut
247 574 397 640 sequentes
420 569 478 626 siut
497 569 662 642 psallentes,
800 572 994 647 impetrando,
1018 589 1100 632 secra
1123 574 1228 648 dando,

228 655 484 726 Quocunque
527 657 694 729 pergis,
842 658 890 714 Te
927 658 1193 731 deprecamur,
1232 661 1312 719 iar-

447 740 629 813 virgines.
1108 745 1198 816 gius.

493 846 522 904 5.
546 841 687 915 Genitori,
711 843 852 902 conditori

589 927 711 1001 Tibique
731 928 811 987 danti
833 930 961 1002 praemia

544 1015 750 1087 Pueumatique
772 1015 809 1071 sit
831 1014 936 1087 ubique

586 1099 699 1172 Imus,
724 1100 858 1172 honor,
880 1101 1023 1171 virtus,
1046 1101 1183 1174 gioria.

202 1216 278 1265 Brev.
303 1214 513 1266 ms.1iierdense
534 1218 597 1265 euni
625 1213 699 1266 1451.
718 1216 782 1266 Cod.
800 1216 885 1280 Cupit
904 1216 1026 1266 illerdeu.
1051 1235 1072 1266 s.
1091 1234 1115 1266 n.
1135 1217 1166 1266 Α.
1186 1243 1217 1251 -
1237 1219 1314 1270 Brev.

130 1284 276 1334 illerdeuse
294 1286 356 1349 imp.
375 1300 414 1334 ca.
435 1279 508 1334 1533.
527 1286 557 1334 Β.

539 1483 583 1540 tii.
618 1483 658 1540 lie
676 1486 774 1541 sancte
793 1485 910 1556 rigueto.

605 1604 650 1658 Ad
667 1604 839 1659 Nocturnum.

133 1731 161 1790 1.
186 1729 320 1788 Exsuitet
339 1730 399 1802 jam
420 1730 549 1803 angelice
747 1735 775 1791 3.
800 1731 880 1789 Haec
901 1732 1038 1804 pupillari
1060 1739 1188 1805 tempore

189 1815 288 1874 Turba
307 1816 450 1873 coelorum
471 1816 604 1888 modulis,
802 1816 898 1888 Novit,
922 1823 953 1874 ut
975 1817 1036 1875 Deo
1058 1818 1177 1890 viveret,

185 1901 306 1958 Terreni
330 1906 447 1959 cautent
469 1902 580 1972 cantica
800 1903 833 1959 iu
856 1902 978 1974 puellari
1000 1902 1103 1960 robore

189 1985 255 2045 Una
274 2001 356 2044 senes
379 2002 441 2044 cum
463 1987 600 2059 parvulis.
802 1986 922 2046 Gratum
944 1996 976 2045 ut
998 1986 1120 2046 fructum
1143 1988 1289 2050 redderet.

132 2091 162 2148 2.
188 2089 307 2162 Agnetis
328 2089 421 2146 almae
444 2089 562 2162 virginis
749 2094 777 2149 4.
802 2089 841 2147 Et
863 2089 993 2161 linquens
1015 2091 1114 2147 mnndi
1136 2090 1257 2162 pallium

186 2173 355 2232 Recoieutee
377 2175 550 2245 memoriam,
804 2174 906 2232 Verbis
929 2174 1077 2232 doctrinae
1099 2173 1195 2233 floruit

186 2259 276 2330 Quam
298 2275 387 2332 ugnus
405 2264 434 2316 et
456 2257 520 2317 sous
542 2260 656 2318 luminis
799 2260 990 2332 Seruiansque
1014 2261 1119 2320 Christi
1142 2260 1271 2317 studium

186 2344 381 2416 Desponsavit
401 2360 455 2417 per
476 2345 606 2418 gratiam.
799 2345 928 2404 Tandem
951 2345 1039 2405 vitam
1060 2346 1227 2418 promeruit..

536 2450 567 2507 5.
590 2447 634 2506 Sit
654 2448 730 2520 patri
754 2447 910 2505 dominatio

591 2534 730 2606 lignoque
752 2539 819 2590 nato
841 2533 942 2605 gioria,

590 2619 739 2677 Pueumati
762 2618 907 2675 veneratio

592 2703 739 2776 Nobisque
763 2704 831 2761 duta
852 2704 953 2776 gratia.

205 2821 281 2871 Brev.
299 2820 441 2871 [ilerdense
459 2823 522 2870 anni
543 2818 617 2870 1451.
635 2821 698 2871 Coei.
717 2821 803 2885 Capit.
822 2821 944 2870 iilerrlon.
964 2837 984 2869 e.
1003 2836 1028 2869 n.
1047 2820 1078 2869 li.
1097 2822 1221 2869 -11555,
1240 2819 1313 2868 llier·

131 2889 216 2939 dense
234 2891 295 2951 imp.
313 2904 353 2938 cu.
374 2885 447 2939 1533.
465 2891 495 2938 B.

540 3087 577 3145 11.
614 3088 653 3145 ile
672 3090 769 3145 sencio
787 3087 908 3144 Andron.

592 3210 622 3261 15
641 3208 722 3276 i'esp.
742 3215 768 3261 et
786 3207 870 3260 Laud.

136 3338 167 3395 1.
192 3337 228 3394 In
248 3335 303 3392 hoc
326 3332 399 3392 lesio
421 3334 586 3392 solemniter
755 3338 784 3393 4.
806 3335 927 3409 Aegeas,
953 3334 1041 3391 hostis
1064 3335 1205 3406 seevulus,

192 3421 359 3479 Gaudentes
381 3419 553 3478 unanimiter
807 3420 906 3495 Jussit,
930 3425 963 3476 ut
984 3419 1038 3477 Dei
1062 3418 1183 3477 famulus

192 3506 354 3563 laudemus
376 3506 430 3562 Dei
453 3504 552 3576 tilium,
808 3504 831 3561 T
836 3512 915 3562 notro
938 3511 1033 3562 trusus
1055 3505 1085 3562 in
1109 3520 1224 3562 carcere

192 3591 368 3649 Dilectorem
392 3590 547 3651 humilium.
808 3590 952 3649 Cuedatur
974 3590 1062 3647 mulio
1085 3590 1214 3649 verbere.

136 3698 168 3755 2.
192 3694 247 3765 Qui
270 3693 306 3751 de
329 3699 448 3765 captura
470 3693 590 3764 piscium
755 3698 783 3755 5.
807 3693 884 3750 Hinc
903 3693 986 3763 jussit
1012 3691 1193 3750 carnificibus

192 3778 241 3836 Ad
264 3779 385 3836 salutem
408 3779 583 3837 credentium
807 3779 880 3835 Eum
904 3778 987 3850 ligari
1007 3776 1132 3848 funibus

193 3863 340 3924 Andream
362 3865 450 3922 trusit
474 3862 610 3922 famulum
807 3863 848 3922 Ut
871 3880 953 3921 cruce
976 3863 1104 3935 pendens
1127 3863 1256 3920 inclitum

193 3951 306 4008 Vocaus
329 3966 392 4007 eum
415 3951 583 4022 apostolum.
809 3949 851 4005 lbi
876 3951 1000 4020 deponat
1020 3949 1162 4020 spiritum.

135 4055 167 4112 3.
191 4052 250 4110 Hic
271 4052 354 4110 bonis
376 4052 488 4125 poliens
511 4052 638 4109 moribus
754 4055 783 4112 6.
807 4053 840 4109 15
864 4067 947 4108 cruce
969 4052 1098 4122 pendens
1122 4051 1209 4108 biduo

194 4137 373 4210 lusignisque
396 4137 548 4196 virtutibus
809 4136 997 4194 i'ruedicabat
1019 4137 1152 4194 continuo

194 4223 333 4282 Achaiam
357 4223 532 4295 provinciam
807 4222 845 4279 Et
868 4222 908 4277 sic
932 4238 993 4278 cum
1017 4222 1079 4279 luco
1102 4222 1225 4278 mnxirnn

195 4308 286 4367 Duxit
306 4309 345 4367 ud
368 4308 422 4366 Dei
444 4310 575 4381 gratiam.
808 4307 924 4367 coelum
945 4307 1112 4364 conscendit
1133 4306 1237 4365 antima.
