2918 4868
607 239 841 305 ..103-

374 408 463 459 Prusa.

147 508 177 570 1·
199 509 269 582 Beni
293 527 390 585 ream

239 610 348 655 summo
371 599 498 672 tripudio

197 679 312 740 Reddet
334 683 435 743 nudes

241 766 346 829 devota
367 772 474 833 mucio.

144 887 173 944 2.
198 884 337 946 Gaudiosi

238 972 267 1030 in
290 973 422 1032 natalitio

197 1054 289 1116 Cenat
310 1058 373 1117 Deo

237 1159 302 1217 vox,
326 1159 435 1217 sensus,
457 1147 542 1209 ratio.

145 1262 176 1322 3.
198 1260 352 1334 Gaudium,

238 1347 267 1405 iu
289 1364 377 1422 regno
399 1350 513 1410 luminis

195 1431 256 1492 Nos
278 1433 370 1493 socios

238 1515 285 1577 iac
305 1519 346 1578 tui
368 1523 500 1582 nominis.

139 1637 169 1696 4.
192 1634 282 1696 Utin
306 1639 392 1698 choro

235 1725 351 1797 superni
374 1727 497 1787 numinis

194 1807 287 1868 Melos
311 1809 411 1870 demus

235 1891 328 1953 felicis
351 1898 496 1960 carminis.

140 2015 170 2076 5.
192 2013 268 2084 Quos
290 2016 402 2088 peccati

233 2106 335 2173 gravat
356 2101 515 2183 impressio,

192 2183 255 2244 luo
276 2202 388 2245 sursum

232 2270 308 2332 leuet
331 2275 432 2334 oratio.

140 2391 170 2451 e.
192 2390 245 2462 Qui
269 2389 396 2454 fatentur

234 2492 265 2534 se
287 2478 387 2551 plenos
410 2482 488 2561 vitio,

190 2560 252 2619 Tuo
274 2565 373 2624 mundi

234 2645 303 2706 fiunt
325 2653 442 2713 auxilio.

139 2766 167 2825 7.
191 2765 249 2824 Ora
270 2773 382 2840 petrem

233 2860 262 2910 et
284 2853 368 2927 placa
384 2857 521 2932 jndicem,

189 2934 301 2997 Noxam
324 2940 402 3001 laxet

232 3029 264 3082 ut
285 3024 368 3084 uobis
389 3029 542 3103 triplicem.

137 3143 166 3203 8.
190 3141 294 3201 Servos
313 3145 392 3223 juva,

232 3228 351 3289 subveni
372 3231 506 3309 subditis,

190 3312 269 3373 Offer
289 3316 346 3375 tuis

233 3400 319 3461 vitam
341 3418 395 3477 pm
416 3406 535 3469 meritis.

276 3592 316 3650 lu
338 3592 550 3656 Laudibus.

319 3709 494 3778 Antiphouae.

139 3808 166 3872 1.
191 3811 239 3869 Ad
263 3813 391 3874 Laudem
409 3816 517 3877 Christi
540 3821 672 3894 nominis,

191 3897 334 3958 Aeternae
356 3902 432 3960 vitae
453 3905 603 3984 principis,

190 3981 329 4043 Gaudiosi
353 3987 490 4049 solemnia

192 4069 251 4127 Vox
274 4077 388 4130 resonet
410 4077 586 4146 peremnia

136 4171 164 4230 2.
189 4170 276 4242 Cujus
300 4189 354 4231 vox
374 4190 488 4248 semper
509 4181 612 4258 sonuit,

188 4256 378 4331 Quaecunque
402 4260 502 4321 doctor
524 4265 621 4324 docuit

188 4342 240 4399 Vel
266 4344 446 4406 Victorianus
468 4352 585 4413 monuit.

762 420 791 478 3.
814 417 908 477 Ambo
930 421 1021 478 sancti
1043 424 1187 497 magnalia

814 503 847 562 In
870 504 985 564 Domini
1007 508 1110 567 militia

815 589 933 662 Operati
953 599 1018 650 suut
1041 595 1122 666 talia,

813 673 899 734 Unde
920 677 1074 749 splendent
1095 680 1125 739 in
1146 681 1251 756 gloria.

757 795 788 853 4.
811 793 884 854 lude
905 794 1009 856 chorus
1031 798 1169 860 laetitiam

814 879 938 939 Reducit
958 882 997 942 ad
1018 886 1193 959 memoriam,

814 965 884 1023 (lum
906 969 1003 1040 pueris
1025 976 1193 1045 perpetuam

813 1050 1013 1113 Desiderando
1035 1056 1165 1131 gloriam.

759 1171 787 1228 5.
810 1169 927 1229 Reddat
949 1175 1079 1234 coelestis
1100 1178 1180 1237 curia

811 1254 881 1314 Cum
903 1259 1013 1331 angelis
1035 1261 1171 1334 tripudiu,

811 1340 947 1402 Necnon
968 1344 1092 1406 humana
1113 1349 1220 1422 gaudia

809 1425 928 1486 Solvant
950 1438 1050 1491 sancto
1071 1433 1219 1498 solemnia.

915 1622 956 1674 nd
974 1626 1141 1681 Benedictus.

745 1743 782 1802 Α.
805 1742 960 1820 Gaudium,
983 1754 1047 1808 tuos

849 1829 886 1889 ab
908 1831 1006 1905 iniqua
1027 1841 1109 1908 peste
1130 1841 1220 1912 tuere,

808 1913 849 1974 Ut
871 1931 985 1990 semper
1007 1920 1122 1981 valeant

852 2009 960 2061 rectum
982 2005 1035 2064 sub
1058 2007 1145 2067 corde
1166 2015 1268 2070 tenere

806 2085 846 2144 Et
867 2103 980 2162 semper
1002 2091 1125 2153 Domino

848 2174 960 2246 possint
981 2176 1043 2236 siue
1065 2177 1122 2237 fine
1142 2179 1272 2253 placere.

917 2381 972 2440 Ad
995 2384 1124 2449 Horas.

929 2515 970 2566 Ad
987 2518 1112 2570 Primam.

741 2630 777 2691 A.
800 2632 841 2692 Ut
861 2636 944 2695 nobis
966 2655 1022 2697 non
1046 2640 1228 2700 dominentur

848 2719 944 2780 Luxus
967 2731 997 2782 et
1018 2725 1146 2799 lascivia,

805 2803 863 2864 Sed
885 2808 1069 2882 resplendent
1090 2813 1119 2871 in
1143 2812 1226 2871 nobis

847 2892 995 2954 omninno
1017 2898 1118 2971 gloria.

928 3091 970 3142 Ad
986 3094 1111 3146 Tertiam.

740 3207 776 3269 A.
800 3209 824 3269 0
847 3210 1000 3291 Gaudiose,
1023 3215 1158 3289 gaudium

848 3296 972 3357 lufirmis
993 3302 1127 3376 salutare,

806 3379 831 3441 0
849 3386 973 3463 praesul,
998 3388 1213 3451 succedentium

848 3468 1019 3544 Exemplum
1042 3480 1071 3532 et
1092 3474 1194 3549 altare,

804 3553 838 3611 In
861 3571 916 3627 quo
937 3555 970 3614 fil
992 3558 1163 3619 sacrificium

847 3639 955 3700 Laudis
973 3645 1034 3718 regi
1056 3647 1209 3722 coelorum,

804 3723 889 3785 Hunc
910 3733 1022 3788 tuorum
1041 3733 1198 3805 propitium

846 3810 907 3870 Fac
927 3815 1037 3874 meritis
1060 3816 1208 3892 bonorum,

803 3895 873 3955 Cum
895 3898 933 3957 sit
954 3899 1022 3958 boni
1044 3903 1225 3978 principium,

844 3982 957 4056 Lapsae
979 3987 1071 4059 pellat
1091 3991 1241 4050 melorum.

738 4098 773 4158 R
798 4099 895 4158 Crevit
915 4103 944 4161 iu
967 4105 1087 4167 scientia

844 4186 949 4247 Plenus
971 4190 1026 4249 Dei
1048 4195 1150 4268 gratia,

752 4304 768 4321 .
801 4270 909 4331 Doctus
931 4276 960 4333 in
983 4278 1105 4338 ecclesia

843 4357 912 4418 Fuit
932 4360 970 4421 ab
992 4360 1124 4439 infautia,
