2918 4868
610 302 842 368 „192-

520 505 546 562 t.
576 505 698 578 tipum
715 504 809 563 iuneti
826 504 932 575 teeti,

136 612 529 691 udomnoGuilelmo,
550 614 781 689 patriarche
801 613 1151 687 ierosolymitano,
1178 615 1340 689 editus,

322 715 367 775 sd
390 715 586 791 vesperes
607 723 644 776 et
665 717 710 777 ed
732 717 884 777 Laudes
906 715 1133 777 cantandus.

343 886 370 946 1.
394 886 477 946 Felix
499 902 554 961 per
573 903 672 947 omues
694 888 750 948 Dei
772 887 855 963 plebs
876 887 1013 946 ecclesius

394 972 524 1035 Derotue
544 970 640 1033 leudis
659 972 775 1034 Christo
796 972 902 1033 reddet
922 972 1042 1049 hostius,

395 1059 449 1133 Qui
471 1056 631 1119 confutavit
652 1057 800 1119 &emonis
823 1058 964 1118 versutias

392 1143 432 1203 Et
452 1144 611 1218 reportavit
632 1142 715 1204 nobis
737 1144 888 1217 emioities,

396 1230 474 1302 Quae
495 1245 548 1290 nos
569 1229 730 1291 eonduosnt
752 1230 791 1292 ud
814 1230 951 1290 coelestes
973 1228 1090 1303 gmtias.

343 1405 372 1462 2.
396 1402 482 1475 Cujus
504 1417 639 1462 eooensue
662 1403 768 1463 umoris
786 1401 938 1477 tinguentia

395 1487 521 1547 Jeoobus
539 1489 625 1561 juxte
645 1486 786 1549 Gellilese
808 1487 899 1548 merie
938 1497 964 1509 ‘¹

394 1575 451 1634 Pro
473 1574 536 1648 ipso
559 1574 669 1648 sprevit
690 1579 812 1648 petrem,
835 1578 936 1636 retem,
962 1573 1042 1645 retis,

395 1660 491 1732 an'us
513 1665 628 1718 secutus
650 1660 805 1733 dereliquit
826 1659 931 1735 omniu,

396 1744 540 1819 spargens
561 1743 667 1820 ubique
689 1746 765 1806 vitoe
787 1744 949 1803 seminaris.

342 1934 371 1992 3.
394 1933 448 1994 Cui
470 1949 572 1992 nomen
597 1932 727 1994 Christus
747 1933 903 2008 Bounergis
925 1933 1068 2008 praebuit,

394 2020 428 2078 ln
451 2021 601 2092 majestate
622 2022 731 2092 Jesum,
753 2036 809 2093 que
832 2019 1020 2094 resplenduit,

393 2105 640 2180 Trnnstiguretum
662 2106 760 2165 videre
782 2106 951 2179 promeruit,

394 2190 504 2263 Quique
525 2191 627 2250 sedere
649 2191 753 2250 dextre
775 2191 836 2264 ejus
856 2189 967 2261 meluit,

395 2277 505 2336 Judeos
527 2282 613 2349 etque
635 2277 757 2352 gentiles
779 2276 904 2337 edocuit

341 2463 370 2526 is
393 2461 519 2525 Jeoobus
542 2465 634 2538 major
655 2463 737 2525 verbi
758 2463 814 2524 Dei
836 2463 948 2539 virgula

395 2549 617 2609 Simuleerorum
638 2549 774 2610 contrivit
795 2550 953 2621 obstacula,

395 2634 573 2696 Contimuus
596 2642 696 2711 gentes
717 2637 747 2694 in
769 2635 837 2694 tidei
861 2635 968 2710 reguis,

399 2720 521 2780 Diversa
542 2722 637 2796 aegris
659 2722 711 2781 det
732 2721 832 2781 sulutis
854 2721 966 2794 pocula,

396 2806 447 2867 Pie
470 2805 621 2866 defunctos
643 2807 764 2866 suscitet
785 2823 838 2880 per
860 2807 983 2866 seeoule.

341 2999 369 3055 5.
393 2997 463 3057 oum
486 2995 669 3068 praediosret
691 2994 801 3055 cunctis
824 3009 918 3069 regem
939 2994 1074 3065 omnium,

396 3082 600 3155 Apostolorum
623 3081 769 3156 complens
791 3079 991 3153 ministerium,

394 3167 499 3225 Passus
525 3167 639 3226 letulom
661 3167 714 3227 sub
735 3167 852 3226 Hemde
872 3165 1008 3241 gladium,

396 3252 508 3311 Primus
530 3269 629 3312 eorum
649 3252 763 3327 eooepit
784 3252 963 3327 martyrium,

394 3339 451 3398 Pro
473 3355 529 3412 quo
551 3355 673 3401 eorouee
695 3345 775 3398 tenet
796 3338 986 3412 privilegium.

343 3531 372 3590 6.
395 3528 541 3587 Hemdem
563 3533 658 3587 eutem
679 3528 798 3601 angelus
821 3527 996 3603 aggreditur,

392 3613 465 3686 Eius
492 3631 558 3673 nem
580 3629 647 3673 uero
668 3613 813 3674 vermibus
836 3612 993 3690 conficitur,

393 3698 520 3773 Spiritus
540 3697 624 3758 tectis
646 3698 705 3758 suis
728 3698 814 3772 digus
836 3699 953 3775 petitur,

394 3783 520 3845 Jecobus
543 3785 637 3859 dignis
659 3784 793 3844 leudibus
815 3784 974 3857 extollitur,

395 3871 428 3930 lu
449 3871 643 3946 compostella
664 3871 745 3943 eujus
766 3886 870 3943 eorpus
892 3869 1009 3942 petitur.

343 4060 370 4121 7.
394 4058 472 4132 Ergo
495 4074 548 4130 pro
570 4056 643 4116 tenti
664 4056 764 4115 militis
787 4057 917 4128 victorie,

395 4143 482 4215 Cujus
503 4143 611 4202 attollit
630 4143 761 4201 modulos
783 4142 914 4215 ecclesie,

396 4228 440 4287 Sit
459 4229 546 4301 patri,
569 4234 645 4301 neto,
668 4228 783 4302 spiritui
806 4227 906 4303 glorie,

394 4314 433 4373 Et
451 4314 533 4373 nobis
555 4315 621 4373 boui
644 4313 683 4372 sit
703 4314 928 4386 perseverentia,

394 4401 456 4473 Qun
477 4397 660 4474 perfruemur
680 4399 800 4474 politice
820 4398 925 4473 petris
