2918 4868
611 253 845 318 -107-

153 445 181 502 3.
206 444 240 501 Iu
263 441 403 518 doctrina,
426 442 549 520 Christe,
570 450 620 503 tua
756 427 792 489 V·
822 428 932 527 Ῑξθθῐθῐ
954 436 983 489 θῐ
1005 431 1163 505 discipulus

245 527 342 586 crevit
363 527 400 586 aa
422 527 545 589 ansanus
821 514 866 574 St
888 533 942 589 uro
964 516 1048 575 noua
1070 517 1183 591 nauus
1276 589 1283 601 ,

205 615 330 674 Fluxum
351 614 445 672 carnis
468 615 634 686 resecando,
819 602 907 675 Apud
929 602 1021 661 Deum
1043 603 1170 668 sedulus.

244 697 348 758 Danda
370 705 418 757 tua
440 701 542 773 gratia,

205 784 254 843 Sic
276 784 397 843 vivendo
421 783 583 845 Gaudiosus
873 772 916 831 Iu
939 774 968 834 3.
988 774 1199 840 Nocturno.

243 870 352 929 Meruit
372 869 513 930 sublimia
949 891 1128 958 antiphonae.

140 957 175 1019 V.
200 956 286 1029 Hinc,
309 955 482 1033 victoriane,
505 974 558 1031 per
579 963 609 1016 te
769 995 795 1053 1·
817 994 942 1054 pretiosi
964 996 1104 1057 Gaudioe,

241 1042 364 1113 adeptus
384 1042 543 1103 victorium.
861 1082 989 1155 ,gemes
1011 1082 1187 1156 mmmm,

820 1165 1021 1241 Supplicemus
1043 1173 1074 1226 et
1093 1183 1224 1242 rogemus

264 1248 303 1304 In
327 1250 356 1307 2.
380 1247 584 1310 Nocturna.
861 1252 999 1326 Ejusdem
1022 1253 1168 1329 suffragia.

332 1382 507 1449 Antiphonem.
765 1355 795 1415 2.
819 1356 860 1416 Ut
881 1355 920 1413 sit
940 1356 1020 1429 plebi
1042 1356 1204 1416 concinenti
1270 1348 1273 1355 ’

862 1440 969 1500 Rector
991 1447 1020 1500 et
1041 1442 1190 1520 auxilium,

151 1500 178 1560 1.
201 1503 383 1564 ducundetur
405 1514 433 1563 et
455 1507 579 1565 laetetur
817 1525 857 1584 Et
878 1526 908 1585 in
929 1527 1060 1587 omnibus
1081 1528 1213 1587 advorsis

246 1589 298 1649 Pia
319 1590 404 1664 plebs
425 1592 455 1649 in
479 1592 603 1652 Domino
862 1611 977 1685 Ubique
998 1613 1171 1687 suffragium.

202 1667 390 1735 Decantando
413 1682 442 1734 et
463 1677 610 1737 laudando
766 1715 796 1772 3,
820 1714 911 1773 pm„
933 1713 1015 1773 „obis
1037 1715 1130 1774 megi
1153 1715 1244 1774 virtus

244 1759 336 1819 Deum
361 1761 470 1835 absque
491 1763 623 1826 termino.
860 1799 948 1857 Adflpt
970 1806 999 1858 οι
1019 1801 1157 1873 potentia,

150 1898 178 1955 a.
203 1895 313 1955 Nomen
335 1899 427 1958 onec
449 1899 590 1972 mnatre,
818 1883 879 1955 oua
901 1885 1032 1958 chelydri
1056 1882 1252 1961 confringatur

202 1981 257 2040 Per
279 1983 417 2042 mnndum
439 1985 638 2058 praedicabile
860 1970 954 2042 089¹st
975 1977 1003 2029 θῒ
1026 1971 1169 2044 superbia.

203 2067 239 2123 Et
262 2068 341 2141 apud
366 2086 418 2128 nos
440 2070 596 2135 laudabile.
936 2107 1123 2170 [mammona

149 2204 176 2264 3.
201 2202 347 2264 Gaudioso
370 2207 554 2280 concinimus,
766 2209 792 2269 1.
817 2209 1000 2268 Praesulatus
1021 2208 1118 2269 citicia

201 2289 244 2347 De
267 2308 322 2364 quo
345 2293 476 2353 miranda
498 2294 617 2368 legimns
814 2294 867 2352 isti
889 2299 988 2354 sancto
1010 2301 1077 2354 sunt
1095 2312 1223 2368 munera,

200 2375 239 2432 Et
260 2378 411 2450 psallendo
433 2378 614 2452 proferimus.
814 2381 893 2452 Quae
914 2380 1057 2454 spondent
1071 2397 1175 2456 magna
1189 2384 1317 2456 praemia

476 2534 482 2546 ,
816 2467 851 2526 In
872 2466 1001 2540 paradisi
1023 2467 1123 2540 gioria,

324 2533 510 2596 R0⁸P⁰¹¹⁸⁰¹¹⁸⁴
753 2550 787 2612 V.
815 2551 855 2612 Ut
876 2567 943 2625 spes
966 2552 1050 2611 detur
1072 2552 1237 2630 humilibus,

148 2652 175 2709 1,
200 2651 346 2712 Smndens
369 2654 407 2713 ad
429 2654 604 2727 pontificium
814 2636 968 2696 Fortitudo
988 2637 1165 2700 sublimibus·

200 2737 283 2796 Sedis
305 2740 538 2802 Tirasonensium
762 2742 792 2799 2.
816 2739 966 2813 Cognoscit
987 2741 1064 2799 vitae

199 2823 354 2884 Doctrinae
376 2826 498 2900 sumpsit
519 2826 648 2886 bravium
855 2823 941 2885 finem
963 2826 1160 2886 sanctissimus
1181 2827 1244 2901 iste,
1265 2849 1269 2854 ·

199 2909 254 2967 Per
278 2910 403 2970 divinum
427 2912 580 2984 auxilium3
814 2910 875 2970 Sibi
896 2912 1044 2985 praecepit

135 2993 169 3050 V.
197 2995 251 3066 Qui
274 3011 393 3056 cernens
415 2997 613 3070 ministerium,
855 2995 965 3055 deferri
988 2997 1108 3072 pignora
1127 2997 1246 3076 Christi,

198 3081 258 3151 Quo
279 3081 358 3154 plebi
380 3088 509 3155 praestet
527 3085 671 3157 gaudium,
814 3084 892 3154 Quae
912 3082 1078 3143 venerando
1099 3087 1199 3142 tenens

197 3165 262 3224 Non
285 3165 390 3241 refugit
411 3165 547 3227 officium.
855 3168 978 3242 sumpsit
1000 3184 1053 3241 pro
1075 3183 1193 3228 munere
1215 3171 1290 3230 vitae

752 3253 787 3312 V.
814 3253 854 3312 Et
875 3251 946 3312 felix
968 3250 1066 3312 flatum

145 3304 174 3361 2.
198 3301 356 3363 Solicitndo
377 3305 528 3377 praesulis,
855 3339 933 3398 misit
951 3338 990 3398 ad
1012 3344 1091 3398 astra
1114 3338 1228 3399 beatum

197 3387 272 3446 Dum
301 3390 393 3448 zelum
415 3395 545 3462 praestat
565 3392 695 3465 aemulis,
1230 3387 1238 3402 ⁰

197 3473 372 3533 sicienter
393 3476 423 3533 n
444 3476 546 3547 etna,
757 3443 787 3502 3·
810 3441 887 3540 ΒΨ
908 3440 1049 3539 reamur

134 3560 168 3620 V.
195 3558 310 3634 Spargit
332 3560 445 3619 laudem
467 3561 497 3618 in
521 3561 645 3635 populis,
856 3543 893 3598 0¹2
916 3543 962 3585 ⁰1¹¹
983 3533 1087 3600 Pmsst

199 3645 388 3705 moretur
409 3647 439 3704 n
462 3643 572 3709 cuniis.
811 3611 922 3685 Μ
945 3628 1092 3711 summa,

860 3702 963 3757 cuncta
983 3703 1093 3772 regenti

143 3783 173 3842 3.
196 3782 275 3842 Nutu
296 3783 389 3842 sancti
411 3782 573 3842 victoriani
810 3783 851 3842 Et
872 3783 1018 3845 Gaudioso

236 3869 365 3943 Sumpsit
386 3867 573 3942 pontificium,
854 3869 959 3943 gandia
981 3869 1072 3946 danti,

195 3955 251 4013 Pro
274 3971 329 4028 qno
352 3954 449 4013 reddit
470 3962 567 4029 grates
590 3955 651 4015 Deo
811 3955 906 4014 Vitam
929 3955 1112 4028 promeritis

236 4040 313 4101 Urbs
335 4040 576 4112 'iirasoneusium
852 4040 1031 4101 retribuenti.

192 4125 243 4183 Cui
260 4126 388 4184 Christus
411 4125 545 4199 praebuit
749 4125 785 4189 V.
811 4126 962 4186 Reddatur
983 4125 1105 4186 Domino

235 4211 391 4270 Maximum
415 4213 567 4284 solatium3
856 4212 949 4285 gratia
969 4212 1047 4284 patri

194 4295 345 4374 Gandiose,
370 4297 504 4371 gandium
813 4297 951 4355 Necnon
974 4305 1004 4354 et
1025 4297 1121 4370 genito

194 4383 320 4455 Impetra
342 4383 520 4443 coelestium.
856 4398 920 4441 cnm
941 4380 1056 4441 flamine
1077 4387 1187 4446 sancto,
