2918 4868
612 275 843 340 -151-

388 453 417 515 6.
442 449 508 509 Tibi
535 451 572 509 sit
592 450 670 523 patri
692 447 809 523 filioque
830 465 907 527 vero,

444 535 544 595 Gloria
563 536 668 609 laudis,
691 535 806 609 spiritui
829 541 938 609 sancto,

443 622 496 693 Qui
518 637 583 680 eum
604 627 725 696 utroque
746 622 921 696 sempiterno
943 621 1005 681 Deo

485 707 586 766 Manet
608 707 745 780 aequalis.

205 827 281 876 Brev.
305 841 353 874 ms.
376 826 427 875 FF.
450 823 476 875 S.
501 826 658 889 Hieronymi
680 826 743 875 anni
767 819 842 874 1463.
864 823 927 875 uod.
951 827 1085 876 Matriten.
1103 825 1135 874 A.
1162 822 1216 877 169.
1235 826 1266 876 Α.
1286 852 1318 861 -

138 894 231 943 Dium.
255 909 301 943 rna.
324 894 375 944 FF.
400 894 426 944 H.
449 895 604 958 Hieronymi
630 908 698 944 saee
724 890 762 943 15.
789 893 852 943 Cod.
872 894 899 943 S.
918 894 1048 943 Femandi
1067 894 1200 944 Matritan.
1228 892 1268 945 13.
1287 897 1317 946 B.

140 964 267 1011 -11101,
291 962 342 1012 FF.
366 963 393 1012 S.
410 964 568 1024 Hieronymi
590 963 652 1027 imp.
670 961 794 1026 Lugduni
819 958 893 1011 1547.
911 962 939 1011 (l.
957 989 992 998 -
1014 963 1320 1014 Βτον.1’1“.8.Η1110·

140 1032 213 1094 nymi
232 1031 294 1095 imp.
312 1030 539 1096 Caesaraugustae
559 1026 632 1081 1562.
650 1031 684 1081 D.

449 1247 511 1305 212.
545 1247 577 1305 11
595 1245 793 1306 'lranslatione
812 1262 834 1305 s.
852 1244 1022 1320 Hieronymi.

618 1368 693 1425 112.
711 1368 845 1439 Vesperis.

141 1497 170 1559 1.
192 1495 304 1554 Novum
325 1495 404 1554 sidus
427 1509 512 1554 verae
533 1494 606 1552 lueis
756 1499 786 1556 4.
808 1495 855 1554 Ad
879 1495 972 1554 locum
996 1496 1177 1555 eremitarum

238 1579 282 1639 Ex
304 1581 364 1640 alto
388 1581 524 1640 divinitus
851 1581 1012 1654 ampliavit
1030 1582 1143 1655 pariter

193 1664 318 1725 Reiulsit
337 1667 367 1725 in
391 1666 500 1725 eunetis
522 1664 603 1738 loeis,
808 1665 849 1724 Et
868 1666 973 1743 illuxit,
997 1682 1082 1739 quam
1104 1666 1285 1740 praeclarum

235 1752 428 1825 Hieronymus
450 1752 580 1824 coelitus,
851 1751 896 1810 Sit
913 1768 1011 1810 amore
1034 1752 1166 1830 dulciter,

192 1837 353 1897 Enodaudo
375 1853 474 1896 sonum
497 1837 576 1896 vocis
808 1837 928 1909 Quando
950 1837 1087 1896 mundum
1109 1837 1164 1896 sibi
1187 1852 1283 1897 earum

233 1924 425 1982 Aetemorum
447 1922 578 1982 ambitus.
851 1922 1032 1997 Contempsit
1054 1924 1196 1983 celeriter.

140 2027 170 2090 2.
192 2025 238 2084 Ex
260 2024 364 2099 abysso
387 2027 516 2084 veritalis
756 2029 784 2088 5.
808 2025 923 2084 Nudam
946 2026 1060 2084 humum
1082 2025 1272 2099 amplexando

236 2111 334 2170 Divini
357 2111 469 2170 consilii
848 2112 895 2170 Ad
918 2127 1056 2184 praesepe
1079 2111 1195 2170 Domini

192 2197 282 2255 Auxit
303 2196 398 2255 lumen
422 2196 549 2255 caritatis
807 2195 978 2267 Festinavit,
1002 2196 1167 2268 relaxando,

217 2283 429 2341 ,1100101111
453 2281 508 2339 lilii
849 2283 927 2354 Quae
951 2282 1055 2340 noeiva
1077 2281 1193 2353 bomini,

193 2367 357 2440 Stolamque
380 2366 563 2443 virginitatis,
807 2366 952 2439 Bonisque
972 2367 1216 2443 communicando,

237 2453 393 2512 aureolam
415 2453 545 2527 praemii.
849 2453 928 2524 Quae
950 2450 1130 2512 conformant
1150 2451 1261 2515 lumini.

141 2557 170 2616 3.
195 2554 244 2614 Sol
266 2555 430 2614 illuminans
452 2554 575 2613 obseura
756 2555 784 2618 6.
809 2554 870 2613 Deo
892 2555 970 2626 patri
992 2554 1054 2612 laus
1076 2560 1106 2612 et
1127 2554 1220 2614 honor

235 2637 294 2699 Per
315 2640 409 2699 omnia
431 2641 581 2714 prospicit,
851 2640 895 2700 Sit
917 2646 945 2698 et
968 2641 1029 2712 ejus
1050 2638 1121 2714 tilio,

194 2725 387 2799 Expellendo,
409 2742 482 2798 quae
504 2743 560 2785 non
588 2742 670 2799 pura,
809 2725 877 2784 Pari
900 2725 1014 2799 spiritui
1036 2732 1146 2800 saneto,

237 2811 378 2870 Haereses
401 2816 431 2869 et
451 2811 560 2884 abjicit,
851 2810 970 2870 Ductori
996 2810 1110 2885 eximio,

194 2896 371 2971 Indagando,
395 2903 555 2970 quaesunt
578 2897 666 2970 clara,
806 2895 860 2970 Qui
883 2895 1089 2971 Hieronymum
1112 2895 1223 2955 dotavit

236 2982 341 3041 Veram
363 2981 449 3041 fidem
472 2981 595 3042 conlinit.
851 2980 896 3040 De
919 2981 1038 3055 perenni
1060 2981 1173 3055 gaudio.

210 3101 285 3150 Hrev.
303 3115 352 3149 ma.
370 3102 612 3165 Hieronymitarum
631 3102 696 3151 anni
716 3095 856 3155 14630011.
870 3099 1040 3150 Μ11111011.Α
1060 3095 1117 3150 169.
1129 3099 1160 3149 Α.
1178 3124 1212 3136 -
1224 3101 1318 3151 Dium.

141 3183 189 3217 ms.
207 3168 269 3218 Ord.
288 3169 314 3220 S.
333 3170 489 3232 Hieronymi
508 3184 576 3219 saec.
597 3166 636 3219 15.
655 3168 717 3218 Cod.
737 3169 762 3218 S.
781 3168 912 3218 Fernandi
930 3169 1064 3218 blatriten.
1085 3164 1124 3218 13.
1142 3169 1173 3217 B.
1192 3194 1224 3203 -
1242 3172 1318 3220 Brev.

141 3236 192 3286 FF.
217 3236 243 3286 S.
267 3237 424 3302 Hieronymi
450 3239 512 3302 imp.
530 3236 654 3303 Lugduni
678 3234 752 3287 1547.
771 3239 800 3286 Β.
819 3264 852 3272 -
870 3237 946 3286 arev.
964 3237 1016 3286 FF.
1033 3236 1061 3288 S.
1078 3238 1235 3300 Hieronymi
1256 3238 1319 3304 imp.

142 3304 366 3373 Caesaraugustae
388 3302 461 3356 1562.
481 3307 510 3357 C.

537 3506 599 3564 213.
634 3506 672 3564 lle
690 3507 787 3563 011010
805 3502 923 3563 Hilario.

632 3627 675 3683 Ad
694 3629 833 3697 vesperas.

144 3753 172 3815 1.
194 3751 309 3812 Hilario
330 3752 460 3826 pontifici
759 3755 786 3813 3.
807 3751 894 3810 Verbi
917 3752 1024 3811 sacrati
1051 3750 1160 3809 semina

197 3838 312 3898 Laudes
334 3837 491 3898 retundant
513 3841 612 3913 populi
811 3838 899 3898 Sacer
920 3837 1042 3911 benigne
1064 3852 1196 3913 proroga,

196 3923 361 3983 Dulcisonis
383 3940 417 3983 ac
439 3924 557 3983 vocibus
812 3923 852 3984 Ut
876 3923 1023 3996 duplicata
1045 3920 1163 3980 1001011

198 4009 327 4083 Hymnos
350 4016 483 4083 promant
503 4010 630 4072 uberius.
812 4009 919 4068 Christi
942 4013 1090 4082 reportent
1112 4007 1240 4080 pignora.

145 4114 174 4172 2.
195 4111 339 4170 Hilarium
357 4112 479 4170 eeclesia
758 4116 787 4177 4.
811 4112 875 4172 1110
897 4113 944 4171 die
965 4111 1054 4183 lapsis
1077 4109 1207 4183 pluribus

198 4196 337 4256 Sustollat
359 4198 594 4274 superantem,
810 4199 959 4257 Annorum
981 4196 1069 4255 saecli
1092 4194 1215 4253 lluxibus

196 4281 350 4342 Ductorem
374 4289 403 4341 et
422 4284 607 4357 praecipuum
812 4285 881 4342 Alta
903 4283 1027 4357 petendo
1050 4281 1154 4355 spiritu

196 4369 344 4442 Agnoscat
364 4386 448 4428 omne
470 4371 623 4430 saeculnm.
814 4370 891 4427 Arva
914 4367 1007 4427 beasti
1029 4365 1156 4438 artubus.
