2918 4868
614 314 653 324 -
698 279 846 343 264-

144 453 173 510 8.
197 451 262 508 Non
286 457 314 508 te
336 449 452 524 frangat
473 452 643 523 adversitas,
758 457 787 512 5.
811 452 917 511 Ursula
941 449 1113 509 valefaciens

196 537 281 595 Haud
304 552 443 609 pavescas
466 538 619 611 supplicia,
811 537 954 609 abyssum
978 537 1104 609 gaudens
1128 533 1252 609 transiit,

199 620 261 678 Nec
283 623 397 680 attollat
417 623 604 696 prosperitas,
811 623 938 680 Tandem
962 638 1015 695 pro
1039 621 1153 681 Christo
1177 621 1288 692 patiens

198 706 243 765 Sis
266 706 349 765 fortis
372 714 473 767 contra
494 708 575 768 vitia.
810 708 925 767 Coelum
950 724 1012 765 cum
1034 707 1093 765 suis
1115 705 1197 764 adiit.

143 813 173 869 4.
196 811 262 871 Jam
285 812 358 869 vade
380 811 524 871 Christum
547 827 694 888 quaerere,
758 816 786 873 6.
811 812 926 872 Clarum
950 819 1100 883 praestans
1123 826 1158 867 ex
1181 809 1288 886 nubilo,

197 898 317 967 Quaere,
341 898 432 955 donee
454 897 583 956 invenias
811 897 890 968 Jesu,
915 912 1066 969 precamur
1087 895 1243 968 supplices,

198 981 293 1053 Disce,
318 985 482 1042 commissos
505 998 613 1056 regere,
811 982 924 1041 Laudes
948 983 1049 1040 dantes
1073 998 1134 1037 cum
1155 979 1248 1052 jubilo

198 1068 298 1125 Artem
324 1066 408 1126 iactis
430 1068 611 1141 praevenias.
816 1072 848 1127 ln
871 1068 953 1125 bonis
977 1084 1027 1125 nos
1050 1067 1232 1138 multiplices.

213 1185 290 1234 Brev.
309 1185 454 1251 Sigeusnse
473 1187 535 1250 imp.
555 1185 780 1250 Caesaraugustae
801 1182 874 1235 1547.

537 1435 600 1494 462.
637 1435 675 1495 Ds
697 1438 797 1495 sancta
814 1434 925 1494 Ursulo.

622 1558 653 1610 ln
671 1557 695 1610 2.
708 1558 841 1627 Vesperis.

148 1683 175 1743 1.
199 1682 344 1755 Splendor
364 1683 437 1741 lucis
460 1691 489 1741 et
509 1701 566 1756 pax
590 1682 692 1753 dulcis,
757 1690 787 1745 4.
810 1683 853 1741 Tu
875 1682 1038 1756 splendoris
1060 1690 1087 1739 et
1112 1683 1224 1740 decoris

246 1770 373 1827 Aetema
396 1769 563 1846 consolatio,
854 1768 1023 1842 Congaudes
1045 1767 1205 1840 privilegio,

203 1853 275 1911 Sunt
296 1861 398 1927 optata
419 1854 472 1913 tibi
495 1854 563 1913 data
811 1854 871 1912 Nos
894 1854 984 1912 locari
1008 1851 1064 1924 fac,
1087 1853 1180 1912 dotari

246 1938 353 1998 Summi
376 1941 451 2013 regis
471 1940 591 2013 palatio.
854 1942 888 1999 ln
911 1939 1027 1998 coelesti
1051 1939 1180 2012 collegio.

152 2044 181 2101 2.
205 2040 284 2099 Labe
306 2057 416 2115 carens,
438 2043 501 2101 leve
522 2042 642 2107 clarens,
759 2047 788 2105 5.
813 2042 904 2103 Stella
926 2042 1033 2100 cadens
1055 2058 1151 2098 secum
1175 2041 1291 2100 trahens

246 2126 365 2186 Sumeus
388 2144 492 2200 corpus
515 2127 646 2185 subtilius
854 2128 1009 2185 ltlarrimam
1033 2134 1144 2199 partem
1167 2126 1304 2199 siderum,

201 2212 390 2286 Sustentabit,
413 2214 462 2287 qui
483 2212 652 2286 praestabit,
811 2214 860 2271 Ad
883 2214 1001 2285 majora,
1025 2213 1144 2269 meliora

244 2297 364 2371 Semper
386 2315 449 2356 cum
472 2305 554 2371 patre
579 2297 664 2358 tilius.
855 2298 965 2371 lingua
987 2299 1100 2356 vocavit
1121 2314 1247 2370 operum.

150 2403 179 2462 3.
202 2399 297 2458 Decus
320 2401 399 2477 legis,
424 2401 532 2459 vultum
553 2400 628 2473 regis
763 2402 791 2460 6.
813 2400 891 2474 Ergo
913 2401 1005 2459 lassos
1027 2400 1117 2458 multa
1139 2416 1239 2472 passos

245 2487 333 2545 Placa
354 2502 472 2545 servans
495 2487 523 2543 in
546 2487 650 2559 medio,
846 2487 991 2544 Mundans
1014 2503 1031 2544 a
1053 2485 1118 2543 labe
1140 2487 1298 2557 criminum,

202 2572 246 2630 Da
268 2572 370 2629 minori
393 2572 468 2630 velle
489 2573 562 2631 muri
813 2572 891 2630 Audi
914 2587 1024 2644 preces,
1048 2572 1124 2644 pelle
1146 2570 1251 2639 faeces,

245 2657 277 2714 lo
301 2657 480 2730 paupertatis
502 2657 630 2730 praedio.
848 2658 927 2733 lesu,
953 2674 1058 2715 corona
1080 2658 1229 2731 virginum.

482 2761 510 2822 7.
533 2759 637 2833 Spreta
660 2760 766 2818 mundo
789 2760 876 2819 corde
897 2760 1004 2819 mundo

577 2845 676 2918 Culpis
698 2845 819 2917 abjectis
840 2846 961 2919 longius,

535 2930 613 2989 Deus
634 2931 718 3009 trino,
741 2929 881 3015 sinc—fine

577 3017 619 3074 Te
642 3014 823 3089 perfruamur
842 3017 959 3090 largius.

218 3135 294 3183 Brev.
307 3133 451 3196 Sigenense
471 3135 531 3198 imp.
545 3133 770 3199 Civesaraugnstas
789 3131 863 3184 1547.
875 3161 907 3168 -
920 3133 995 3183 Naclv
1013 3131 1037 3196 3,
1056 3130 1073 3182 3
1091 3135 1182 3183 isidor
1198 3135 1324 3198 llyrnnns,

150 3219 203 3253 was
222 3202 302 3252 sciron
320 3201 368 3250 das
379 3201 514 3251 Versmais
532 3208 667 3253 vermuten
681 3202 748 3263 liess,
766 3219 817 3252 von
830 3204 914 3254 einem
928 3203 1228 3252 Franzislranerdielram.
1259 3204 1324 3251 Dras-

152 3273 224 3321 selbe
243 3273 278 3321 ist
295 3269 403 3335 iolglich
422 3271 489 3320 auch
507 3273 555 3320 mit
573 3271 623 3321 deu
641 3271 696 3322 drei
715 3272 946 3336 vorhcrgclrendcu
965 3272 1086 3335 ilymnen
1103 3271 1149 3320 der
1168 3272 1232 3321 Fall.

546 3521 599 3579 463
642 3522 681 3578 Ds
701 3522 799 3579 mnata
817 3522 928 3580 llrsula.

640 3642 683 3697 Ad
701 3644 841 3713 vesperas.

153 3775 180 3833 1.
203 3771 251 3830 Ad
267 3769 420 3840 Christum,
440 3776 550 3841 patrem
566 3769 712 3843 luminum,
767 3773 794 3831 3.
819 3770 899 3829 Haec
921 3772 1017 3830 Mauri
1040 3772 1114 3844 regis
1136 3770 1197 3829 filia

205 3857 237 3915 in
261 3853 406 3913 solemniis
429 3855 569 3927 virginum
822 3856 971 3926 Constans,
994 3858 1130 3930 prudens,
1153 3858 1240 3928 mitis,
1265 3858 1322 3929 pia,

204 3939 388 4003 Proieramus
411 3939 515 3998 eximia
817 3942 891 3999 Dum
915 3959 1002 4015 regna
1023 3944 1139 4015 tempsit
1158 3950 1262 4015 terrea,

205 4028 288 4086 Nova
309 4027 425 4085 laudum
448 4028 611 4098 praeconia.
816 4029 951 4086 Pervenit
972 4028 1010 4086 ad
1032 4030 1173 4088 aetherea.

152 4134 181 4191 2.
204 4130 301 4189 Prima
323 4130 352 4187 in
375 4134 472 4186 nostro
495 4129 619 4187 carmine
764 4130 792 4187 4.
817 4130 900 4187 lianc
922 4131 1050 4202 sequitur
1072 4131 1220 4202 collegium

206 4216 293 4287 Virgo
317 4231 400 4273 rosen
421 4216 556 4288 sanguine
818 4215 957 4274 Undecim
979 4232 1089 4273 sacrum
1113 4217 1231 4281 milium,

204 4300 293 4360 Sacra
316 4306 463 4372 promatur
486 4301 599 4374 Ursulo,
816 4304 894 4371 Quae
917 4301 1063 4359 rubicatae
1085 4302 1222 4373 sanguine

207 4386 300 4460 Digna
322 4386 376 4444 Dei
400 4386 550 4459 discipula.
818 4386 949 4458 Vindice,
973 4387 1105 4465 clamant,
1129 4387 1262 4448 Domine.
