2918 4868
613 284 848 349 —227-

539 451 605 510 403.
641 451 679 509 lle
697 454 796 509 sancte
814 453 918 511 414444.

617 574 661 628 Ad
678 573 851 630 Nocturnum.

143 699 170 759 1.
196 697 312 756 Laudes
334 697 396 756 Deo
418 697 577 771 magnifico,
757 701 786 761 3.
810 699 904 771 Hujus
927 699 1087 773 gaudenter
1109 698 1194 758 hodie

193 782 258 842 Suis
278 783 384 842 sanetis
407 782 541 854 mirabili,
811 785 973 843 veneratur
995 784 1172 860 solemnitas,

191 868 317 927 Resonet
338 868 422 941 plebs
440 885 504 927 cum
527 869 638 929 cantico
810 870 982 942 Exemplum
1004 870 1162 944 pudicitiae

193 954 285 1013 Parae
307 954 385 1013 vocis
408 953 554 1027 placabili.
809 953 1008 1015 Manifestavit
1030 955 1157 1016 nestitae.

139 1075 168 1132 2.
191 1073 266 1131 Huic
289 1073 391 1132 choms
415 1072 609 1132 confitentium
755 1077 785 1135 4.
809 1074 958 1135 Continuis
975 1075 1094 1148 jejuniis

190 1158 238 1217 Ad
260 1158 441 1231 psallendum
463 1174 495 1217 se
517 1167 681 1232 praeparat,
810 1158 979 1219 Macerabat
1002 1160 1210 1236 corpusculum,

191 1243 238 1301 Ad
262 1244 349 1303 vitam
371 1244 563 1302 innocentium
809 1244 965 1303 Exsultans
988 1246 1017 1303 in
1040 1245 1189 1321 angustiis,

191 1328 323 1387 Veterem
347 1329 434 1388 vitem
457 1326 595 1403 reparat(
809 1329 940 1390 coeleste
962 1346 1083 1404 sperans
1108 1329 1255 1403 pabulum.

496 1455 525 1512 5.
550 1451 583 1509 ln
606 1450 713 1510 deitate
736 1451 859 1522 trinitas,

550 1536 645 1612 Pater,
669 1534 788 1594 verbum
810 1540 840 1593 et
861 1535 989 1608 spiritus,

549 1621 673 1680 Nostrae
695 1621 758 1694 spei
777 1620 902 1679 aviditas

548 1706 634 1765 Adsit
657 1707 740 1766 nohis
763 1706 910 1768 divinitus.

207 1824 283 1873 Brev.
302 1839 353 1874 ms.
369 1824 396 1875 S.
417 1824 548 1875 Benedicti
569 1824 756 1876 vallisoletani
773 1839 842 1875 saec.
863 1821 901 1874 14.
920 1823 984 1874 cod.
1003 1823 1146 1874 Soorialen.
1165 1823 1187 1872 P
1205 1824 1232 1873 11
1253 1821 1273 1875 l.

403 2055 467 2112 404.
503 2055 535 2112 14
553 2055 657 2113 honore
675 2070 698 2112 s.
716 2053 861 2112 lliehaolis
879 2053 1062 2128 Archangeli.

430 2200 457 2259 1.
482 2198 641 2272 Splendida
663 2214 766 2273 nempe
789 2198 851 2258 dies
872 2196 972 2256 rutilat

479 2285 674 2358 Angelicoque
697 2300 801 2343 canore
823 2283 901 2357 boat,

476 2370 627 2430 aethereis
649 2370 783 2430 redimita
804 2369 909 2442 choris,

479 2455 639 2515 Gramineis
662 2472 774 2530 quoque
797 2460 910 2527 compta
933 2452 1023 2524 bonis,

480 2541 559 2599 Dans
582 2558 657 2601 nova
678 2542 783 2615 gaudia
805 2539 966 2613 terrigenis.

428 2664 456 2720 2.
483 2664 578 2735 Fruge
600 2663 729 2736 putando
751 2662 842 2720 selum
865 2663 993 2731 renovat,

480 2749 576 2807 Aurea
598 2749 674 2807 mala
697 2746 816 2806 ferendo
839 2746 935 2815 micat,

479 2833 602 2907 Munera
623 2834 766 2893 Bacchica
784 2833 845 2904 jam
868 2835 994 2908 reparat,

408 2960 412 2965 -
479 2918 597 2979 Melliea
619 2919 724 2979 vinitor
746 2918 849 2978 hausta
871 2920 965 2989 parat,

479 3004 592 3064 Palmes
614 3012 646 3063 ut
668 3005 734 3062 hinc
756 3020 808 3062 sua
831 3003 906 3060 dona
926 2999 1011 3067 ferat.

426 3125 455 3184 3.
478 3124 591 3196 Sidam,
615 3130 719 3198 pontus
742 3130 771 3182 et
792 3139 862 3182 arva
884 3125 999 3194 canunt,

478 3210 652 3283 Tripndisnt
672 3210 756 3268 simul
779 3214 808 3266 et
829 3207 961 3266 recinunt

479 3295 584 3353 Nobile
606 3312 721 3354 carmen
743 3301 772 3353 et
793 3293 952 3367 angelicum

478 3380 518 3439 Et
535 3380 687 3440 Michaelis
709 3381 817 3440 honore
838 3393 951 3437 sacmm

479 3464 589 3524 Nomen
612 3466 651 3525 ad
672 3472 752 3526 astru
772 3465 885 3524 beando
908 3461 1013 3523 icrunt.

425 3588 453 3645 4.
478 3585 625 3645 Laudibus
640 3586 782 3646 aethereis
798 3584 939 3644 celebrem

479 3672 630 3745 Pangimus
652 3673 728 3730 hune
747 3670 893 3730 reboando
916 3668 1002 3742 diem,

476 3758 537 3829 Quo
560 3757 695 3834 41444441,
717 3774 852 3831 superum
873 3761 999 3830 satrapa,

478 3842 553 3901 Sede
575 3841 690 3902 refulsit
711 3843 747 3902 ab
767 3843 885 3901 uranica

477 3928 557 3987 Dans
580 3927 694 4002 populis
715 3928 764 4000 pia
786 3926 925 3987 subsidia.

426 4051 454 4107 5.
478 4046 605 4119 Belliger
625 4046 741 4104 inclitus
764 4050 851 4118 atque
873 4049 984 4117 potens,

477 4132 579 4192 Clarus
602 4137 632 4191 et
652 4137 754 4191 auctus
775 4130 880 4203 ubique
900 4144 1028 4200 manens,

477 4219 619 4292 Squames
640 4218 715 4276 colla
737 4223 832 4274 terens
855 4214 964 4273 colubri

478 4303 622 4363 Faucibus
644 4302 798 4362 obruatis
821 4300 950 4360 barathri

478 4390 600 4448 Munere
622 4389 715 4448 victor
735 4387 841 4462 ubique
862 4386 926 4448 Dei.

1103 4478 1154 4532 15·
