2918 4868
635 260 870 325 -154-

170 440 199 498 3.
223 435 311 511 Signa
328 439 479 510 patrantur
497 434 620 508 saepius,
781 438 809 496 4.
833 435 857 494 0
880 432 976 496 fervor
998 451 1033 494 ex
1055 435 1188 495 incendio

220 521 450 595 Frequentantur
472 520 619 594 miracula,
832 520 969 580 Caritatis
989 521 1019 578 in
1038 521 1180 598 praesule,

219 607 303 666 Nune
324 612 423 666 tantae
443 605 515 664 lucis
537 606 636 665 radius
833 606 886 679 Qui
909 606 1052 680 captivum
1075 624 1128 680 pro
1149 606 1209 665 filio

220 692 418 754 Absconditnr
439 690 491 749 sub
515 691 628 752 nebula.
836 691 873 750 Se
897 693 977 751 dedit
1000 708 1102 752 caecae
1123 694 1246 753 vetulae.

547 794 576 854 5.
600 793 643 852 Sit
665 793 742 867 patri
764 794 826 853 lans
848 800 877 853 ct
899 793 967 853 filio.

234 916 309 964 arev.
322 913 496 978 Majoricsnse
513 914 575 977 imp.
587 913 707 963 Venetiis
726 907 799 962 1506.
812 912 843 962 A.
862 941 894 949 -
914 914 989 963 Brev.
1002 912 1145 978 Sigenensc
1160 915 1221 978 imp.
1235 913 1343 962 Caesar-

168 988 296 1049 augustae
317 979 390 1031 1547.
408 983 438 1032 Β.
456 1009 486 1017 -
507 977 532 1042 4,
550 979 567 1030 4
584 985 641 1031 oete
659 980 765 1031 vetulae
782 981 818 1043 A3
836 996 915 1032 senae
933 982 1039 1032 vetulae
1056 982 1085 1036 B.

571 1163 633 1222 259.
668 1164 707 1221 lle
725 1165 820 1222 saneto
837 1163 948 1222 locabo.
1010 1180 1013 1186 ·
1091 1181 1093 1185 ¹
1172 1182 1175 1186 ⁴

654 1284 698 1339 Ad
715 1285 855 1354 Vesperas.

167 1414 196 1475 1.
218 1412 313 1472 Adest
334 1409 396 1469 dies
418 1409 554 1481 laetitiae,
783 1412 813 1470 4.
836 1409 940 1468 Mundi
961 1409 1044 1482 hujus
1067 1415 1096 1468 ct
1116 1410 1218 1469 similis
1261 1453 1262 1456 η

219 1496 320 1556 Multis
343 1495 486 1554 cantanda
506 1493 650 1566 laudibus,
836 1495 960 1553 Mullum
983 1500 1046 1554 erat
1066 1495 1097 1553 in
1117 1496 1246 1555 omnibns

220 1584 254 1642 ln
276 1598 332 1655 quo
352 1581 449 1653 palma
471 1579 608 1639 victoriae
835 1579 950 1640 Christo
971 1582 1042 1641 Jesn
1064 1588 1093 1638 et
1115 1581 1239 1658 humilis,

219 1665 354 1740 Relulget
372 1667 466 1738 justus
488 1663 622 1727 lacobus.
837 1665 942 1724 Plenus
964 1671 1025 1724 erat
1049 1667 1211 1728 dantibus.

168 1775 198 1834 2,
223 1769 309 1842 Cujus
331 1765 435 1826 festum
458 1767 623 1825 solemniter
781 1769 810 1828 5.
834 1768 891 1826 Hie
913 1773 957 1826 est
976 1769 1086 1841 primns
1109 1769 1259 1842 episeopus

221 1855 331 1915 Chorus
354 1861 452 1912 noster
472 1853 601 1926 tripudio
833 1853 1037 1926 Apostolorum
1058 1855 1193 1931 omniurn,

218 1939 397 2000 Exsultando
419 1938 601 1996 concorditer
832 1937 942 2008 Jnstus,
963 1939 1037 2012 pius,
1061 1939 1207 2016 pacificus,

220 2025 393 2086 Solemnizet
415 2040 477 2082 cum
500 2023 613 2097 gaudio.
834 2024 955 2082 Virtutis
977 2031 1077 2083 tenens
1100 2025 1240 2088 bravium.

167 2133 196 2191 3.
216 2129 274 2188 Hic
296 2134 339 2186 est
361 2127 470 2186 candor
490 2132 647 2200 perpetuae
780 2128 809 2187 6.
833 2127 1018 2202 Quaesumus,
1042 2134 1142 2186 auctor
1163 2128 1298 2205 omnium,

220 2213 368 2277 castitatis
391 2219 418 2270 el
441 2212 542 2284 lilium,
832 2215 867 2272 In
890 2213 943 2270 hoc
965 2212 1094 2286 paschali
1116 2215 1220 2287 gaudio

219 2301 276 2361 Hic
298 2304 343 2358 est
363 2304 543 2371 contemptor
564 2293 661 2358 fatuae
805 2323 808 2329 ’
832 2296 879 2356 Α1)
902 2299 978 2356 omni
1001 2299 1101 2357 mortis
1124 2299 1233 2373 impetu

219 2385 392 2458 Cloniusque
413 2384 557 2458 piaculum
834 2383 926 2441 Tuum
950 2381 1074 2444 deiende
1096 2386 1243 2458 populum.

558 2487 585 2545 7.
609 2485 710 2545 Gloria
730 2484 794 2556 tibi,
817 2485 948 2546 Domine.

235 2606 312 2655 Brev.
336 2620 383 2655 ms.
397 2602 638 2669 compostellanum
656 2617 724 2652 saec.
740 2598 780 2651 15.
798 2600 861 2651 Cod.
875 2603 961 2667 Capit.
974 2603 1180 2669 Compostellani
1193 2619 1214 2654 a.
1227 2620 1252 2654 n.
1265 2603 1298 2653 A.
1312 2633 1344 2640 —

166 2677 242 2726 Brev.
260 2672 502 2739 compostellanum
520 2673 582 2736 imp.
601 2670 758 2736 Ulisiponae
780 2666 854 2722 1497.
873 2672 902 2720 Β.

568 2853 630 2912 260.
665 2854 704 2912 lle
724 2854 822 2912 saneto
839 2854 951 2912 Jacobo.

638 2975 681 3030 Ad
699 2975 870 3031 Noctumum.

170 3108 198 3167 1.
221 3103 367 3180 Hymnnm
389 3119 480 3162 novae
502 3101 629 3162 laetitiae
783 3104 813 3163 4.
836 3100 1011 3160 sanctitatis·
1026 3100 1062 3159 ob
1085 3102 1217 3160 meritum

222 3190 372 3249 Persolvat
395 3205 496 3248 vocum
519 3189 638 3262 paritas,
837 3186 985 3245 castitatis
1007 3191 1036 3244 et
1057 3186 1118 3244 lilio

222 3276 318 3334 Tollat
339 3275 449 3334 vultum
471 3274 606 3334 tristitiae
836 3272 940 3331 Mundi
962 3272 1055 3330 calcat
1077 3273 1263 3347 compositum

222 3361 364 3420 Pulchrae
385 3359 489 3420 mentis
508 3359 682 3432 jucnnditas.
835 3356 997 3418 Pontificall
1019 3357 1100 3418 sollo.

169 3468 198 3527 2.
220 3463 314 3539 Hujus
336 3464 366 3523 in
389 3461 455 3522 festi
478 3462 583 3536 gaudio
784 3465 814 3522 5.
836 3461 943 3519 Panem
966 3468 1082 3534 gustare
1105 3461 1236 3538 denegat,

222 3549 329 3609 Christi
352 3548 444 3608 sancti
465 3547 597 3621 apostoli,
836 3545 943 3605 Christi
965 3546 1083 3619 plorans
1106 3547 1289 3623 supplicium,

222 3636 310 3709 Quem
332 3633 454 3708 effugato
477 3633 543 3692 odio
836 3630 894 3691 Sed
915 3631 995 3705 prius
1018 3631 1118 3690 ridens
1137 3631 1243 3704 jnbilat

220 3719 364 3780 Amabant
387 3734 484 3779 omnes
507 3717 616 3792 populi.
836 3715 1022 3790 Resurgentr's
1043 3717 1186 3780 solatium.

170 3826 200 3886 3.
222 3823 279 3883 Hie
301 3828 346 3880 est
366 3821 491 3895 Alphaei
513 3819 648 3893 Jacobus,
783 3822 812 3881 6.
834 3821 1020 3892 Quaesumus,
1042 3824 1142 3878 auctor
1163 3820 1298 3891 omnium,

221 3910 321 3970 Justus
347 3914 376 3965 et
398 3905 490 3965 frater
510 3905 636 3979 Domini,
771 3954 778 3963 ,
837 3906 871 3963 ln
894 3905 948 3963 hoc
970 3904 1099 3978 paschali
1121 3905 1225 3977 gaudio

222 3994 271 4053 Sic
293 3993 388 4052 dictus
409 3991 446 4051 ab
469 3991 630 4050 hominibus
835 3988 883 4048 Ab
905 3990 981 4048 omni
1003 3989 1103 4048 mortis
1125 3990 1234 4063 impetu

222 4080 373 4140 Praelatns
396 4077 473 4136 omni
495 4077 611 4140 bomini.
662 4145 664 4149 ,
696 4148 698 4153 Ι
837 4075 929 4157 Tuum
953 4072 1077 4133 deiende
1098 4076 1246 4149 populum.

563 4182 592 4241 7.
616 4178 716 4239 Gloria
738 4177 801 4251 tibi,
824 4176 955 4240 Domine.

239 4302 315 4350 Brev.
338 4313 386 4348 ms.
409 4298 650 4365 compostellanum
675 4313 743 4347 saec.
769 4293 808 4346 15.
827 4294 890 4346 cod.
909 4296 996 4361 Capit
1014 4295 1147 4360 Compost.
1170 4311 1190 4344 s.
1213 4311 1239 4344 n.
1258 4295 1289 4345 A.
1315 4324 1346 4331 -

169 4371 246 4420 Beer.
260 4366 499 4431 compostellanum
511 4369 574 4432 imp.
587 4367 744 4432 Ulisipcnae
760 4361 833 4416 1497.
845 4366 874 4415 la
887 4388 921 4399 -
936 4360 961 4425 3,
979 4361 996 4414 3
1014 4363 1100 4414 dictus
1112 4365 1146 4415 ab
1159 4366 1281 4414 omnibus
1292 4367 1347 4416 AB.
