2918 4868
586 279 822 346 ..104-

365 456 394 514 2.
416 454 517 516 Noctis
539 454 654 514 silentiu
675 457 736 527 jam
757 454 976 528 praeterierant,

410 541 562 599 Turturum
584 540 701 613 agmina
723 540 807 598 simul
829 545 1031 616 convenerant,

410 625 452 686 Ut
473 625 619 684 Christum
644 626 773 684 crucium
795 631 822 683 et
843 631 935 683 morte
956 622 1096 701 afficiant,

453 712 533 771 Inter
554 711 681 771 latrones
704 711 852 785 deputent.

359 850 387 907 3.
413 849 481 907 Post
510 863 613 920 egnum
636 847 770 905 humilem
794 846 964 907 nonciarent
979 845 1090 919 pariter

413 932 519 991 Furem
543 931 712 1005 degenerem
734 932 892 990 hincinde
914 930 1039 1007 fortiter,

412 1018 453 1077 Ut
474 1023 571 1076 natum
595 1017 715 1093 virginis
738 1018 837 1076 dieunt
859 1017 1042 1076 concorditer

455 1103 629 1176 Deputatum
652 1102 842 1176 cumimpiis.

362 1242 392 1301 4.
416 1238 506 1296 Dedit
528 1236 680 1312 fragilibus
704 1239 835 1298 Christus
857 1238 1001 1312 fiduciam,

413 1323 557 1382 Monstrat
579 1330 608 1381 et
630 1324 762 1383 tristibus
783 1341 921 1383 summam
938 1324 1090 1395 justitiam,

412 1409 488 1466 Dum
511 1425 564 1482 pro
589 1409 706 1468 miseria
727 1416 808 1483 gesta
829 1410 972 1468 miseriam

457 1495 513 1553 Dat
537 1501 565 1552 et
588 1495 706 1554 Dismae
728 1495 872 1559 eoelestia.

363 1636 391 1691 5.
415 1632 464 1691 Sic
485 1632 542 1690 iste
563 1631 679 1691 orffinet
701 1631 784 1691 uobis
806 1631 979 1704 videntibus,

413 1717 454 1776 Ut
477 1718 585 1775 eoelum
609 1717 719 1776 tribuat
741 1718 828 1777 eorde
851 1716 1026 1788 dolentibus,

415 1800 561 1862 Internum
585 1803 697 1875 repleat
717 1801 979 1876 impoenitentibus,

456 1888 580 1961 Quisque
602 1904 683 1946 suum
706 1889 838 1962 accipiat.

361 2030 390 2087 6.
416 2026 502 2084 Panis
524 2025 669 2099 angelicus
691 2027 798 2086 latroni
819 2027 947 2085 traditur

415 2112 456 2170 Et
476 2127 571 2169 eomes
595 2111 718 2170 coelicus
740 2113 779 2171 ad
801 2113 910 2170 eoelum
930 2112 1050 2185 totlitur,

416 2198 440 2256 0
463 2212 510 2255 res
532 2196 685 2271 mirabilis,
708 2204 823 2256 sanutus
845 2195 970 2255 elficit-nr

457 2282 593 2343 Pariuida
615 2282 796 2345 damnabilis.

367 2422 394 2481 7.
417 2420 468 2493 Te,
491 2436 601 2478 summe
624 2420 716 2479 deitas
738 2435 858 2496 unaque,
882 2419 1035 2492 poscimus,

418 2505 458 2565 Ut
480 2506 578 2578 culpas
601 2505 713 2577 abluas,
736 2506 821 2564 noxie
842 2505 1004 2576 subtrahas,

416 2591 474 2649 Des
495 2589 741 2667 praesummatis,
767 2608 818 2648 nos
841 2606 951 2664 qnoque
973 2588 1092 2662 gloriam

459 2677 516 2735 Per
538 2683 640 2734 cuneta
662 2676 715 2735 tibi
737 2676 861 2736 saecula

189 2795 264 2843 Brev.
283 2792 444 2857 Segoviense
462 2794 524 2857 irrrp.
542 2792 692 2842 vallisoleti
714 2790 787 2842 1527.
807 2819 839 2827 —
857 2790 881 2855 4,
900 2789 917 2841 3
934 2798 1016 2858 geste.

527 3043 580 3099 lto.
616 3044 654 3100 lle
672 3047 768 3100 saneto
788 3042 895 3100 Disma.

622 3180 665 3235 Ad
683 3181 798 3236 Laudes.

368 3323 395 3385 1.
418 3324 517 3396 Intro,
540 3323 589 3396 qui
611 3322 741 3382 dextram
764 3323 853 3381 tenuit
876 3323 1015 3399 tenentis,

419 3408 490 3467 Cum
513 3409 605 3466 erucis
627 3415 746 3466 mortem
769 3409 860 3468 voluit
881 3408 988 3483 subire,

418 3494 512 3553 Corde
534 3492 672 3553 terrenti:
696 3511 805 3553 memor
825 3501 886 3552 esto
903 3493 1004 3565 nostri,

461 3580 544 3638 Dixit
565 3580 638 3638 Iesu.

371 3720 399 3777 2.
423 3718 495 3778 lude
518 3724 677 3776 consortem
699 3716 816 3776 sceleris
838 3716 956 3775 adortus

420 3804 532 3876 lnquit:
555 3820 573 3861 o
595 3802 678 3881 latro,
702 3817 796 3860 comes
818 3802 848 3860 in
869 3799 975 3878 furore,

422 3889 483 3947 Nos
504 3888 628 3966 quidem,
652 3887 791 3961 quidquid
814 3887 948 3960 patimur,
973 3902 1124 3960 meremur,

462 3976 521 4033 Iste
543 3973 612 4047 quid
634 3973 714 4047 egit?

368 4112 398 4170 3.
421 4111 498 4169 Hine
519 4112 588 4168 item
610 4116 725 4169 vertens
747 4108 849 4169 faciem
870 4111 1016 4169 remissam

419 4198 467 4256 Ad
490 4197 581 4255 Deum
604 4197 722 4255 elamat:
747 4204 937 4256 memoresto
960 4195 1061 4264 nostri,

421 4283 543 4356 Christe,
567 4283 635 4342 dum
652 4281 769 4341 tundem
790 4282 885 4340 venies
906 4280 1008 4339 beatus

462 4369 509 4427 Ad
533 4374 583 4427 tua
604 4384 701 4442 regna.
