2918 4868
616 282 850 347 -171-

392 457 420 514 2.
444 455 556 514 Clarior
577 461 683 530 quantu
703 457 790 516 micat
813 459 855 516 sol
878 458 908 517 in
930 459 1025 532 astris,

444 542 525 600 Inter
547 543 679 601 doctores
701 550 751 602 tua
773 545 822 601 lux
844 543 976 617 refulget,

443 627 496 698 Qui
519 627 575 685 Dei
596 629 699 701 pandis
722 629 837 687 semitas
861 635 891 687 et
911 631 1005 689 aulam

485 713 571 786 Regis
594 714 718 788 Olympi.
974 711 978 719 ’

392 817 421 874 3.
445 814 576 874 Summae
599 816 748 874 doctrinae
769 816 936 890 meritisque
958 826 1058 892 macte,

443 901 589 974 Virginem
612 906 750 975 sanctam,
773 903 884 960 miseris
908 904 1084 979 clementem,

444 985 592 1045 Laudibus
615 987 708 1061 dignis
731 986 893 1060 celebrasti,
916 1005 1017 1061 puram

484 1073 591 1132 Credat
611 1081 645 1132 nt
665 1071 753 1136 orbis.

389 1176 418 1233 4.
442 1175 617 1247 Praepoteus
640 1175 732 1233 almam
754 1175 854 1235 matris
876 1192 911 1235 ac
932 1173 1067 1236 defensor

442 1260 528 1333 Regis
549 1260 669 1331 aeterni,
692 1262 838 1334 sapienter
859 1262 927 1320 olim

441 1346 592 1404 Presseras
614 1362 665 1404 ora
686 1346 775 1419 impia
795 1347 949 1406 latrautum

484 1432 590 1490 Contra
612 1432 746 1493 Mariam

390 1539 419 1595 5.
442 1534 484 1592 Te
506 1532 597 1593 infula
619 1535 709 1593 sacris
731 1534 862 1594 manibus
885 1536 1024 1595 decorans

441 1621 582 1693 Angelum
604 1621 713 1693 turmis,
737 1621 838 1679 animis
858 1620 949 1680 beatis

440 1705 585 1779 Virginem
608 1706 688 1780 virgo
711 1707 845 1765 comitata
868 1708 962 1779 vestit,

484 1791 507 1850 0
529 1790 615 1850 decus
637 1792 727 1850 alme!

387 1895 417 1953 6.
438 1892 482 1949 Sit
502 1893 595 1953 bonor
612 1893 689 1966 patri
711 1895 875 1967 pariterque
898 1900 974 1967 nato,

441 1977 561 2049 Spiritui
583 1986 682 2038 sancto
706 1980 802 2048 decus,
824 1997 897 2038 unus
919 1981 1005 2058 idem,

441 2064 527 2135 Cujus
551 2064 581 2123 iu
603 2065 711 2122 sanct-is
734 2081 897 2124 resonemus
920 2082 1017 2125 omnes

483 2149 617 2208 Carmina
638 2150 741 2210 laudis.

207 2266 281 2314 Brev.
300 2265 456 2316 Toletanum
481 2268 543 2332 imp.
562 2267 669 2332 Hispali
695 2263 769 2318 1493.
787 2269 818 2316 A.
843 2297 875 2303 -
894 2269 969 2318 Brev.
988 2268 1156 2319 Cordubense
1175 2271 1237 2335 imp.
1256 2272 1318 2322 His·

138 2332 192 2395 pali
217 2330 290 2383 1524.
309 2335 338 2383 Β.
363 2360 396 2368 -
420 2337 495 2384 liner.
514 2335 575 2384 Ord.
595 2336 622 2386 S.
639 2337 735 2387 Jaocbi
759 2336 893 2402 desputa
915 2339 977 2401 imp.
994 2338 1112 2402 Legione
1139 2334 1212 2389 1532.
1231 2342 1260 2391 C.
1284 2369 1318 2378 -

141 2397 162 2461 l,
184 2398 195 2449 l
215 2403 327 2452 Domini
346 2402 373 2451 C.
394 2430 426 2439 —
445 2404 581 2454 Verfasser
600 2406 635 2454 ist
653 2404 720 2454 nach
737 2405 761 2455 A
779 2404 931 2469 Alphonsus
948 2405 1029 2455 Ortiz.

516 2655 578 2713 293.
613 2656 651 2713 lle
672 2658 769 2714 saneto
790 2655 937 2714 ildefonso.

630 2778 674 2832 Ad
692 2781 832 2847 vesperas.

142 2900 169 2963 1.
191 2901 248 2959 Hic
269 2907 353 2975 pater
375 2900 530 2977 confessor,
756 2906 786 2967 3.
808 2903 866 2961 Hic
887 2903 1021 2962 laudator
1043 2900 1112 2961 felix

194 2987 314 3046 Sanetus
336 2984 498 3060 llleionsus,
588 3000 591 3005 ⁴
808 2987 956 3047 Laudibus
978 2989 1097 3047 honeste

196 3073 302 3131 Noster
324 3072 504 3146 intercessor,
807 3074 945 3147 Reginam
969 3075 1105 3132 incaelis
1135 3107 1136 3110 =

192 3158 245 3230 Qui
266 3155 321 3216 luit
344 3158 499 3218 absconsus
806 3159 959 3236 Laudavit,
982 3175 1054 3233 quae
1076 3157 1150 3218 feste

193 3244 343 3316 Temporis
366 3243 419 3302 sub
441 3261 520 3304 mora
806 3245 851 3303 Ile
873 3245 928 3303 Dei
951 3245 1085 3305 thesauro

192 3328 290 3387 Nobili
313 3330 444 3407 Zamora,
805 3331 945 3392 Contexta
968 3331 1004 3388 de
1022 3346 1092 3389 auro

194 3415 250 3472 Hic
271 3415 376 3473 meruit
398 3415 484 3489 digne
806 3416 897 3474 istum
921 3416 1078 3493 decorarit,

193 3499 304 3558 Ceuere
326 3500 465 3574 benigue:
807 3501 862 3573 Qui
884 3508 914 3559 et
936 3501 1100 3560 decantarit

193 3587 272 3645 Ave
293 3587 410 3644 maris
434 3587 561 3646 stella.
805 3587 860 3646 Et:
885 3588 908 3647 0
930 3586 1111 3660 gloriosa.

139 3690 169 3750 2.
193 3689 249 3747 Hie
270 3689 344 3748 enim
368 3690 498 3763 pudicus,
753 3693 781 3748 4.
806 3690 830 3749 0
852 3705 936 3747 sacer
956 3689 1047 3747 amice

193 3773 311 3834 Sobrius
333 3780 360 3832 et
384 3782 488 3846 castus,
805 3775 961 3834 Genitricis
983 3774 1046 3846 Dei,

193 3859 302 3917 Fidelis
325 3861 441 3933 amicus,
806 3861 875 3919 Cum
899 3861 953 3918 han
974 3859 1112 3933 genitrice

191 3944 237 4002 Ab
260 3961 356 4003 amore
378 3951 477 4018 pastus
806 3945 1008 4019 supplicantes
1031 3945 1058 4003 ei

192 4029 298 4089 Beatue
320 4030 442 4104 Mariae,
805 4034 952 4094 conserva
973 4030 1110 4104 benignos

193 4115 247 4187 Qut
269 4114 390 4176 Sabbati
413 4117 460 4175 die
805 4117 866 4177 Nos
886 4122 916 4175 et
934 4117 976 4175 sic
998 4114 1045 4176 iac
1064 4117 1174 4190 dignos,

190 4199 309 4259 Festum
332 4202 505 4274 celebrabat,
805 4203 887 4274 Quod
911 4202 997 4276 digne
1018 4203 1146 4261 vivamus

193 4287 227 4345 ln
249 4304 305 4359 quo
327 4286 500 4348 decantabat
803 4288 844 4346 Et
866 4289 951 4362 digne
973 4288 1116 4349 dicamus:

191 4371 244 4431 Et:
261 4374 390 4447 Quem,
407 4380 532 4447 terra,
548 4379 697 4446 pontus.
803 4373 991 4433 Memento
1013 4373 1165 4432 salutis.
