2918 4868
617 272 852 337 -167-

546 473 605 529 286.
641 474 679 530 lte
698 476 795 531 sanata
807 474 918 532 laenis.

635 612 678 666 Ad
696 612 836 683 vesperas.

393 753 420 815 1.
445 753 515 812 Cum
537 760 601 813 tuas
623 755 708 828 pleno
734 758 811 815 canit
830 774 880 817 cre
902 758 1003 818 laudes

442 839 540 899 Turba
562 846 704 899 sacratam
727 843 823 901 coiens
845 845 875 902 in
897 844 1007 917 aedem,

441 925 565 986 Obrutus
588 927 698 1002 taetris,
722 927 834 997 Iacche,
859 930 951 1003 culpis

482 1011 570 1084 Erige
593 1018 710 1072 mentes.

388 1150 416 1207 2.
440 1148 546 1207 Fratre
568 1147 635 1205 dum
658 1148 800 1222 quendam
822 1149 900 1207 socio
922 1148 1053 1209 laborum

441 1232 583 1291 Finderes
606 1233 707 1306 cymba
728 1232 858 1292 fluitante
881 1240 1008 1313 pontum,

442 1318 521 1377 Inter
542 1319 667 1378 undosas
689 1321 805 1379 sinuosa
826 1321 916 1379 moles

482 1404 567 1463 Retia
585 1405 707 1478 jactans,

386 1543 414 1601 3.
438 1540 493 1612 En,
517 1541 567 1613 eit,
591 1538 706 1613 iratres,
731 1541 873 1601 hominum
895 1542 1070 1623 redemptor,

439 1625 523 1682 Nunc
546 1627 610 1684 dico
633 1627 772 1699 promptis
794 1627 896 1688 animis
918 1629 1027 1704 adeste,

440 1712 484 1769 lte
505 1719 571 1784 pest
592 1718 716 1789 uestros,
738 1729 819 1772 mera
840 1713 929 1789 nulla,
949 1730 1072 1791 gressus,

480 1796 615 1870 Linquite
636 1798 704 1857 lina.

385 1936 415 1993 4.
440 1936 584 1994 Hactenus
607 1933 700 2006 pisces
722 1941 821 1994 tenues
843 1936 934 1994 secuti

438 2021 520 2090 Arte,
543 2019 594 2077 sed
616 2020 736 2092 posthac
757 2021 885 2079 homines
908 2022 1021 2098 petetis,

438 2105 494 2163 Hic
514 2105 584 2162 mihi
607 2120 642 2162 ex
664 2105 745 2164 vobis
767 2106 893 2165 studium
916 2106 1057 2178 probatur

481 2189 582 2249 Saecle
603 2190 729 2252 novanti.

385 2331 413 2388 5.
436 2325 546 2385 Nomen
569 2326 636 2385 hinc
658 2328 753 2385 cuncti
776 2326 922 2386 celebrent
944 2343 1069 2400 perenne

438 2413 533 2472 Patris
555 2429 590 2470 ac
611 2413 681 2485 nati,
705 2412 852 2471 celebrent
873 2419 903 2471 et
923 2413 992 2471 almi

440 2497 573 2570 Spiritus,
597 2514 682 2556 unum
705 2498 808 2571 quibus
830 2505 874 2556 est
895 2514 1039 2569 cacumen,

478 2583 543 2643 Una
564 2588 701 2656 potestas.

204 2700 280 2749 arev.
307 2699 547 2765 Cempostellanum
570 2702 632 2766 imp.
659 2700 816 2766 Ulisipouae
841 2699 914 2752 1497.
932 2702 964 2752 A.
987 2728 1021 2738 -
1039 2702 1115 2752 Brev.
1134 2701 1161 2752 S.
1180 2702 1315 2753 Benedicti

135 2767 312 2818 Valisoletani
331 2769 394 2833 imp.
413 2769 554 2819 Valiscleti
576 2765 649 2820 1538.
665 2771 694 2819 Β.

541 3037 599 3094 287.
635 3036 673 3093 lle
692 3038 789 3093 sancta
806 3037 915 3095 lasela.

604 3174 647 3228 Ad
666 3174 837 3229 Nocturnum.

384 3315 411 3374 1.
436 3315 512 3374 Hinc
534 3314 606 3374 fides
630 3315 725 3374 verbis
747 3316 876 3389 sequitur
896 3331 1035 3389 sacroque

434 3401 557 3474 Magnus
580 3402 720 3460 accedeus
742 3401 823 3474 operi
846 3401 977 3459 minister

435 3486 519 3545 Sorte
541 3488 673 3545 tellurem
695 3503 834 3546 renovare
857 3487 935 3546 cultu

476 3571 570 3631 Sumis
593 3573 716 3636 lberam.

383 3711 411 3771 2.
436 3710 479 3768 Tu
501 3728 612 3785 quoque
633 3711 776 3769 excellens
797 3710 835 3769 ad
856 3727 927 3783 opus
951 3717 1068 3770 vocatas

434 3796 528 3854 Testis
550 3797 667 3856 adsistis
690 3796 803 3854 celeber
825 3796 970 3868 ridesque,

434 3880 564 3940 Christus
586 3889 617 3940 ut
640 3879 721 3940 fulsit
745 3882 862 3941 radians
884 3882 914 3940 iu
936 3883 995 3940 alta

474 3969 591 4026 Vertice
613 3968 728 4032 mentis⁸

381 4104 409 4164 3.
435 4103 496 4162 Nec
517 4105 610 4164 minus
633 4101 748 4164 fervens
770 4105 873 4178 patriis
896 4104 925 4162 iu
948 4104 1027 4177 agris

434 4190 529 4248 Vertis
551 4190 588 4249 ad
611 4190 720 4250 Christi
743 4191 864 4265 populos
887 4190 973 4267 ovile,

435 4276 507 4333 Arte
530 4277 652 4349 depellis
671 4277 781 4350 magica
804 4277 945 4334 Philetum

474 4362 747 4435 llermcgenemque.
