2918 4868
616 284 852 349 -200..

253 462 280 515 5.
307 460 392 517 Hunc
412 458 517 528 oriens,
541 474 659 517 occasus
681 457 777 534 habet,
801 459 876 518 hunc
896 457 999 518 Africa
1021 467 1049 518 et
1074 469 1192 532 arctos,

353 543 505 601 Laudibus
528 544 556 601 in
580 545 660 615 cnjus
683 544 786 603 militat
809 561 893 603 omne
915 547 1011 608 «locos.

436 628 626 687 Gaudeamus.

245 735 273 790 6.
302 733 413 803 Quique
432 748 485 803 per
504 732 604 792 oceani
627 732 766 790 discurrit
787 735 924 806 marginis
946 733 1048 806 undas,

332 817 368 874 Et
395 817 485 874 virtus
509 818 612 890 pergit,
637 833 693 890 qno
715 819 790 891 pede
813 835 896 877 nemo
919 820 1004 880 volet.

434 902 626 966 Gaudeamus.

211 1020 267 1072 OM.
293 1048 326 1057 -
353 1019 379 1078 l,
409 1018 420 1069 l
444 1037 490 1085 per
515 1023 604 1069 «smnio
621 1021 667 1069 fles
686 1020 722 1070 M.
740 1051 769 1057 --
790 1018 820 1080 2,
849 1020 859 1071 l
879 1022 957 1072 'l'bile
975 1022 1056 1072 durch
1074 1022 1127 1073 den
1147 1025 1234 1076 Reim
1255 1026 1354 1077 habile

145 1089 283 1155 geschirtzt
308 1118 339 1125 -
359 1088 383 1148 3,
402 1088 418 1138 2
438 1090 550 1154 populus
569 1090 605 1138 M.

535 1289 571 1347 1‘2.
606 1290 696 1346 larsa
714 1287 804 1345 lilllcii
827 1287 926 1344 dissue

138 1400 266 1456 sancti
283 1399 434 1475 Jacobi,
458 1417 476 1456 a
497 1399 851 1474 domnanlbcrto,
872 1398 1103 1456 Carootnnsi
1120 1401 1347 1476 episcopo,

138 1484 299 1541 illustri
319 1485 417 1549 viro,
441 1485 563 1558 editu,
586 1485 620 1542 in
644 1490 803 1557 utroque
827 1483 929 1540 festo
952 1484 1124 1555 ejusdem
1149 1490 1345 1558 apostoli

440 1570 650 1641 custumia,
673 1568 813 1642 quibus
835 1568 1021 1641 placebit.

154 1789 163 1845 Ι
228 1703 389 1846 C'rrlrrlores,
420 1708 496 1765 ‘irater
525 1724 596 1778 quos
624 1707 663 1764 sit
680 1704 802 1778 marsal
824 1710 876 1764 ant
893 1706 1045 1779 presbyter
1066 1706 1174 1778 isrsulis
1200 1712 1343 1781 vestitus,

144 1789 244 1847 ricarli
275 1809 334 1849 roc:

500 1913 584 1989 Ecce,
609 1911 692 1969 adast
714 1927 789 1968 nunc
811 1911 948 1983 lacobus,

499 1999 563 2070 Qui,
587 1995 768 2055 extollendus
791 1994 934 2068 laudibus,

500 2085 587 2155 Cujus
611 2098 662 2140 nos
684 2079 758 2140 iesta
780 2081 899 2140 colimus

500 2174 645 2241 Quemque
668 2167 779 2226 devotis
801 2167 942 2225 mentibus

501 2252 612 2312 Officiis
634 2253 800 2324 attollimus,

500 2343 588 2409 Quom
611 2338 680 2395 colit
702 2338 793 2396 omnis
816 2338 948 2410 populus.

226 2473 290 2531 Alli
312 2480 444 2533 cantores
465 2476 673 2547 respondeant:

502 2596 600 2664 Qualis
623 2600 665 2651 est
689 2595 744 2651 iste
766 2593 902 2664 lacobus,

500 2680 592 2737 Nobis
614 2686 729 2738 narrate
751 2679 892 2750 omnibus,

498 2768 586 2838 Quem
609 2782 660 2823 vos
681 2765 785 2823 tenetis
808 2765 927 2822 nexibus

499 2852 538 2908 Et
561 2851 706 2909 honoratis
731 2849 856 2919 vocibus,

499 2936 539 2994 Ut
562 2952 731 2994 veneremur
752 2937 856 3006 carino,

498 3022 572 3079 Eum
594 3037 720 3080 amemus
743 3021 885 3079 mentibus

498 3107 538 3165 Et
560 3107 708 3164 laudemus
730 3108 867 3165 attentius

498 3192 537 3250 m.
560 3193 758 3265 perquiramus
780 3191 924 3264 precibus.

226 3325 288 3385 Alii
310 3328 522 3402 respondeant:

498 3449 553 3506 llic
576 3454 620 3505 est
641 3463 743 3506 revera
764 3449 900 3519 lacobus,

497 3536 585 3604 Quem
608 3541 684 3591 amat
708 3533 792 3591 vulda
810 3535 959 3609 Dominus,

498 3619 605 3676 Christi
628 3619 709 3676 miles
731 3620 865 3676 emeritos

499 3704 538 3762 Et
560 3702 680 3777 signifer
702 3705 842 3777 egregins,

497 3790 604 3847 Militia
625 3789 821 3862 probissimus,

500 3875 664 3934 Gallaecise
685 3876 842 3949 apostolus,

498 3961 667 4035 Peregrinus
690 3961 854 4019 notissimus

495 4046 535 4103 Et
557 4047 664 4104 honoro
684 4047 878 4121 dignissimus,

497 4132 530 4189 ln
553 4132 644 4205 gloria
666 4131 841 4210 magnificus,

497 4217 647 4275 Miracnlis
669 4217 815 4289 mirificus,

497 4303 584 4373 Quem
609 4309 729 4362 cunctus
743 4306 816 4377 petit
839 4305 971 4381 populus,
1049 4323 1052 4329 ’

496 4388 676 4447 Domesticos
698 4396 727 4446 et
750 4390 899 4455 barbarus.
