2918 4868
620 246 828 310 „95-

149 423 179 480 2.
202 420 273 478 Sunt
297 419 353 477 duo
375 418 511 478 candelae
917 419 957 470 Ad
976 418 1141 470 Benedictus.

244 503 386 578 fulgentes
408 504 514 562 lumino
536 506 623 578 claro,
751 529 787 584 A,
821 525 879 583 flos
901 524 995 597 potuit
1016 541 1098 582 nemo
1121 541 1140 583 a

202 591 278 649 Lilia
298 595 365 648 sunt
385 589 470 650 ambo
857 609 963 668 Christi
986 610 1150 683 disjungere
1171 626 1277 682 amore,

243 676 386 748 coelisque
407 675 540 735 rubentia
560 673 641 737 flore.
815 693 924 753 Ambos
946 711 1002 754 una
1023 694 1106 770 fides,

151 799 181 860 3,
204 797 228 856 0
250 812 304 870 per
325 801 427 854 anneta
448 795 525 854 viros
858 780 975 839 dileetio
997 778 1066 838 fecit
1084 780 1199 858 amicos,
1273 820 1279 833 .

246 880 314 941 fidei
336 879 482 954 fortesque
503 881 620 952 tirones,
816 866 914 925 Passio
936 881 1085 941 &mutuos

201 967 330 1025 Tradere
352 967 400 1040 qui
423 972 558 1040 aptarum
857 959 887 1009 et
910 953 1051 1010 coelorum
1074 951 1257 1012 cohaeredes.

243 1069 297 1126 pro
319 1052 435 1114 christo
462 1069 583 1126 corpora
606 1054 698 1115 morti.

151 1167 502 1233 4.1nnediofla1nmae
869 1159 961 1220 1112.
984 1158 1179 1232 Vesperis.
1267 1174 1275 1193 ·

246 1257 418 1316 benedicunt
440 1259 636 1336 omnipotenti,
922 1275 962 1326 Ad
981 1275 1143 1342 Magnificus.

205 1343 338 1403 Laudant
359 1344 452 1404 illaesi

421 1429 427 1443 .
752 1382 788 1439 A.
818 1381 948 1453 Oquam
971 1378 1070 1439 felices

246 1436 412 1504 regnantem
420 1447 450 1488 rn
459 1430 573 1490 saecuta
579 1435 700 1504 patrem.

861 1466 1312 1541 portastisabirostotriumphos!

152 1555 179 1611 5.
204 1549 264 1608 Nus
286 1549 406 1609 laudare
427 1549 519 1621 decet,
818 1551 921 1609 Ducite
944 1568 1005 1625 nos,
1029 1552 1160 1625 petimus,

246 1635 351 1693 scimus
372 1652 442 1708 qnos
465 1651 528 1694 esse
549 1634 657 1713 beatos,
859 1637 909 1695 nbi
932 1654 982 1696 nos
1006 1637 1183 1710 requiescitis
1208 1637 1287 1709 ulmi,

204 1722 279 1792 Quos
303 1737 445 1793 nunquam
468 1726 582 1780 cessant
816 1723 870 1796 Qui
891 1739 945 1797 per
966 1723 1134 1798 martyrium

246 1805 468 1872 civesplaudare
489 1806 615 1880 superni.
860 1809 1021 1881 sumpsistis
1043 1808 1150 1882 gaudia
1171 1809 1252 1869 coeli.

208 1942 283 1989 Brov.
311 1941 438 1991 duriense
463 1944 524 2006 imp,
549 1940 742 1993 Salumunticae
767 1939 840 1993 1501.
863 1971 895 1980 -
918 1944 950 1994 In
972 1939 997 1992 2.
1016 1943 1092 1994 Noct.
1111 1937 1130 1992 Β
1152 1940 1172 2005 1,
1194 1940 1224 1993 11
1245 1944 1315 1993 ilam-

139 2009 245 2072 migcre.
264 2035 296 2042 -
315 2010 345 2058 In
364 2005 388 2058 2.
407 2011 486 2075 Vesp.
504 2010 545 2060 dd
563 2011 651 2076 Magn.
670 2005 699 2072 Α,
716 2006 733 2061 3
751 2011 841 2062 Divite
859 2027 914 2062 uos.

469 2209 514 2266 32.
553 2209 583 2267 ln
602 2210 798 2269 translations
816 2228 838 2269 s.
856 2210 990 2269 ltroiiani.

266 2353 306 2411 lu
332 2353 357 2411 1.
383 2352 578 2427 vesperis.
876 2355 931 2414 Ad
954 2355 1195 2415 Matutinum.

308 2470 392 2537 Super
409 2472 537 2523 Psalmos.
936 2475 1129 2525 Invitatorium.

141 2575 177 2634 Α.
209 2575 255 2634 Ad
279 2574 414 2634 lionorem
819 2580 934 2638 Adsunt
955 2578 1084 2639 Froilani
1107 2580 1254 2657 solemnia,

248 2661 339 2734 patris
362 2663 533 2722 sanctissimi
819 2666 924 2724 Sancta
947 2670 1040 2723 mater
1058 2664 1163 2736 jubilet
1185 2665 1314 2726 eeclesia.

204 2746 332 2806 FroiIani

249 2838 345 2890 coetus
368 2833 501 2893 catholici
872 2837 913 2895 ln
938 2831 965 2896 l.
991 2835 1199 2896 Nocturnu.

207 2917 279 2976 Novi
302 2924 404 2977 sonent

466 3005 472 3016 ,
493 3005 500 3017 ,
949 2952 1124 3019 Antiphonem

248 3003 376 3062 melodos
397 3010 502 3063 eunucu

206 3089 398 3150 Colluctanoes
769 3059 796 3118 1.
820 3057 912 3115 Natus
933 3057 963 3115 iu
984 3057 1121 3116 suburbio

862 3142 933 3200 Luci
956 3142 1137 3216 disciplinam

207 3261 296 3332 Quem
319 3259 469 3318 laudantes
819 3229 1009 3300 Amplexetur
1031 3244 1205 3302 praecavens

862 3313 1011 3372 mortalem
1033 3314 1153 3375 ruinam.

249 3180 328 3232 tanto
350 3175 488 3247 pontifici,

250 3345 336 3404 laude
356 3346 508 3419 multipiici

208 3431 354 3490 l'iaudant
375 3432 458 3489 simul
767 3419 796 3478 2.
819 3417 991 3490 concupivit
1013 3432 1138 3475 eremum

248 3517 349 3575 fideles
371 3516 488 3579 subditi.
862 3501 955 3561 tonna
973 3502 1142 3580 juventutis,

474 3653 481 3666 ,
820 3587 860 3648 Ut
882 3588 973 3661 possit
994 3586 1121 3647 officium

316 3654 356 3705 Ad
374 3654 534 3720 Magnificus
862 3673 1005 3747 complere
1027 3673 1136 3735 salutis.

142 3760 167 3817 Α
208 3759 358 3830 Osuanto
381 3758 524 3817 desiderio
767 3777 797 3836 a.
820 3777 931 3835 omncs
952 3775 1046 3834 enan
1067 3775 1183 3835 nomn

207 3842 373 3903 Froilanum
395 3843 604 3902 sanctissimum
866 3861 991 3920 eontinet
1013 3861 1042 3919 pn
1063 3877 1122 3939 ore,

206 3929 362 3986 Exsultans
385 3928 453 3988 colit
475 3929 563 4002 Legio
821 3945 893 4005 Sunt
914 3946 1016 4006 ipae„
1037 3943 1115 4006 labia

208 4014 247 4073 Ut
270 4020 420 4086 Pfltfflffllm
443 4014 611 4091 dfifflifflssffl,
862 4037 890 4090 et
914 4033 975 4092 sine
998 4033 1105 4096 dolore.

207 4099 355 4157 Benedicti
378 4101 478 4174 religio
1096 4169 1101 4180 ¹

205 4185 289 4242 Hune
308 4181 407 4243 florem
428 4184 542 4260 profert
555 4187 703 4262 optimum,
944 4168 1129 4232 ¹³⁴³⁶P⁰¹¹¹⁵⁰¹f¹²k

205 4274 293 4342 Quem
316 4270 393 4330 Deus
416 4271 566 4346 privilegio
769 4273 795 4331 1.
820 4272 1000 4344 Devergeute

208 4356 380 4415 Cunctorum
401 4358 482 4416 dotat
504 4358 675 4431 praesulum.
858 4358 918 4430 jnm
941 4357 1009 4416 solis
1031 4357 1114 4417 radio
