2918 4868
607 286 840 351 -125-

528 488 582 546 lae.
617 489 656 546 llo
676 491 775 547 sancta
793 488 921 547 llurosia.

636 627 679 681 Ad
696 627 811 682 Laudes.

139 772 168 833 1.
193 773 322 830 Aurorae
344 772 393 828 lux
417 771 600 842 resplendeat
753 771 782 829 3.
806 772 846 830 Ut
869 769 1034 828 resistamus
1057 768 1134 827 vitiis

192 857 224 915 lu
248 857 414 914 devotorum
439 856 582 930 cordibus,
806 855 980 927 Spementes
1003 853 1101 912 mandi
1122 869 1271 928 prospera,

191 943 299 1000 Lumen
323 942 381 999 diei
402 939 518 1015 fulgeat,
806 942 837 998 ln
861 940 917 998 fine
939 941 977 999 da
999 939 1161 998 certaminis

190 1028 356 1086 Exsultat
375 1028 505 1086 coelum
521 1027 699 1087 laudibus.
805 1027 920 1084 Beata
941 1024 1050 1086 uobis
1071 1024 1217 1098 gaudia

139 1167 168 1224 2.
193 1163 315 1233 Christe,
339 1163 387 1237 qui
409 1168 537 1221 sanctam
560 1163 698 1237 virginem
754 1169 782 1222 4.
807 1156 900 1233 Hujus
923 1169 1041 1234 precatu
1063 1160 1189 1233 supplici

191 1249 341 1308 Decorasti
361 1249 524 1324 virtutibus,
806 1248 884 1305 Tuae
906 1264 957 1305 nos
979 1246 1173 1304 inhaerentiae

191 1334 236 1393 Da
259 1334 342 1393 nobis
364 1333 570 1407 fortitudinem,
805 1332 902 1392 Subde
924 1332 1057 1390 mercede
1079 1331 1197 1404 duplici,

189 1421 387 1480 Plasurator
405 1420 571 1491 hominiS,
595 1420 698 1479 Deus.
805 1419 960 1478 Summae
983 1418 1074 1476 Deus
1097 1417 1314 1477 clementiae.

427 1542 455 1600 5.
479 1538 567 1596 Trino
590 1539 651 1597 Deo
673 1543 702 1596 et
723 1538 846 1610 simplici

481 1625 570 1682 Prece
592 1623 799 1697 supplicatoris

481 1710 533 1782 Sit,
557 1711 732 1784 postulamus
756 1710 862 1786 cernui,

479 1797 594 1866 Laus,
617 1795 752 1867 bonor,
776 1797 919 1869 virtus,
943 1794 1077 1868 gloria.

209 1915 281 1963 lires.
304 1915 419 1964 Osceuse
437 1919 464 1964 et
479 1915 607 1965 Jacceuse
625 1916 687 1979 imp.
706 1914 932 1980 Caesaraugustae
955 1911 1027 1965 1505.

513 2147 569 2204 194.
605 2149 642 2206 lle
659 2150 756 2205 saneto
773 2146 934 2204 Eustochio.

580 2285 622 2340 Ad
640 2287 720 2355 Vesp.
738 2293 766 2340 et
785 2286 861 2341 Noct

143 2430 171 2489 1.
195 2429 341 2500 Supernae
362 2428 462 2486 matris
484 2427 536 2486 filii
757 2434 784 2489 5.
809 2429 879 2487 Cum
902 2444 990 2486 uxore
1013 2444 1075 2484 cnm
1099 2427 1227 2500 parvulis

195 2514 308 2573 Laudes
331 2519 465 2586 promant
486 2514 645 2587 Eustachii,
809 2514 916 2573 Christi
937 2530 967 2570 sc
990 2513 1087 2571 subdit
1110 2513 1225 2585 regulis,

193 2601 281 2670 Quem
304 2599 468 2657 sublimavit
490 2599 576 2658 hodie
808 2603 868 2659 Iter
889 2615 1010 2672 sequeus
1033 2606 1061 2656 et
1083 2599 1224 2673 meritum,

189 2685 351 2759 Magnae
374 2685 473 2743 Deus
495 2685 702 2758 potentiae,
809 2686 924 2758 Deus,
948 2690 1095 2742 tuorum
1120 2684 1292 2742 militnm.

138 2824 172 2881 2.
195 2821 250 2879 Hic
269 2837 301 2879 re
323 2822 439 2893 placens
460 2826 489 2878 11
511 2823 624 2880 nomine
757 2826 786 2883 6.
810 2821 930 2894 Damna,
954 2838 1104 2894 pressuras
1126 2821 1244 2893 patitur,

192 2907 305 2964 Morum
328 2906 455 2979 pollebat
479 2908 609 2984 culmine,
807 2907 863 2965 Sed
885 2906 1006 2980 flagellis
1029 2923 1084 2964 non
1108 2907 1240 2978 vincitur,

195 2992 270 3049 Tuas
293 2993 427 3065 ignorans
449 2994 573 3069 semitas,
809 2992 865 3051 Job
885 2992 966 3050 nobis
988 2999 1118 3065 praestas
1141 2992 1271 3068 alterum,

195 3077 658 3149 01ux,t›eatatrinitas.
808 3079 967 3137 Creator
989 3078 1084 3136 alme
1107 3078 1287 3137 siderum.

143 3216 172 3274 3.
197 3214 284 3285 Cujus
307 3214 444 3271 haerebat
465 3216 569 3274 studiis
756 3216 784 3279 7.
806 3214 927 3288 Navigio
950 3214 1016 3272 dum
1039 3214 1162 3285 vehitur,

194 3299 279 3357 Casta
303 3301 404 3371 conjnx
428 3316 491 3358 cum
513 3300 588 3376 filiis,
808 3300 888 3359 Uxor
909 3317 962 3371 pro
985 3300 1069 3358 naulo
1092 3300 1213 3371 rapitur,

193 3384 246 3442 Tui
271 3383 360 3443 futuri
384 3384 492 3460 famuli,
807 3386 863 3444 Sed
886 3385 1056 3458 mitigabant
1079 3384 1199 3442 verbera

189 3471 296 3543 desa,
319 3471 493 3529 salvator
515 3473 677 3534 sacculi.
807 3470 1313 3532 ActoruaChristimunoru.

137 3609 168 3667 4.
193 3605 310 3663 iunixus
333 3607 409 3663 cervi
433 3607 566 3665 cornibus
755 3612 782 3669 8.
808 3608 906 3681 Lupus
929 3608 1003 3666 hunc
1028 3608 1125 3681 privat
1147 3605 1215 3676 filio,

192 3691 321 3750 Christus
344 3693 405 3762 ejus
427 3692 574 3750 obtutibus
808 3694 865 3751 lieo
888 3692 960 3767 lugd
983 3710 1044 3750 cum
1068 3693 1134 3762 alio,

192 3776 229 3835 Se
250 3776 380 3853 praebet,
403 3779 440 3836 ad
463 3794 544 3849 quern
569 3781 687 3838 coelitus
807 3779 847 3838 Ut
867 3779 1006 3852 probares
1029 3778 1223 3853 Eustachium,

191 3861 300 3935 Veni,
324 3869 479 3922 creator
501 3865 677 3938 spiritus.
806 3865 976 3938 Christe,
1001 3865 1222 3936 redemptor
1244 3879 1313 3920 om·

1111 3950 1218 4007 nium.

493 4039 523 4096 9.
546 4036 591 4095 Sit
612 4036 672 4108 regi
695 4052 792 4108 regum
813 4036 913 4112 gloria,

548 4122 633 4197 laus,
656 4122 755 4196 virtus
779 4122 917 4197 potentia,

544 4207 598 4278 Qui
620 4206 745 4265 surrexit
765 4225 782 4264 a
805 4205 905 4265 iuuere

544 4294 624 4353 Jam
646 4292 744 4350 lucis
766 4300 852 4350 orto
874 4293 1013 4351 sidero.

204 4407 280 4458 Brev.
298 4409 444 4459 Romanum
464 4411 526 4473 imp.
548 4407 616 4460 15”.
635 4435 669 4444 -
686 4408 710 4470 9,
729 4406 745 4459 2
763 4410 835 4460 Laus
853 4410 1006 4475 zweisilbig.
