2918 4868
604 285 838 350 -180-

445 454 506 513 30⁹.
542 455 581 510 lto
599 457 697 511 sancto
715 454 843 511 Jolraune
864 451 1001 528 Baptista.

137 599 164 658 1.
190 599 381 671 Praeparavit
401 604 487 672 atque
510 598 613 658 stravit
750 601 778 659 3.
803 596 901 656 Turba
923 603 1019 656 vatum
1041 596 1097 655 Dei
1119 603 1217 655 natum

234 683 355 743 Domino
377 685 482 743 itinera
846 683 1011 743 Praecinuit
1033 689 1138 755 cetera,

189 771 247 828 Ore
269 786 360 842 aequo
384 775 485 827 tonans
508 785 612 841 praeco
804 769 860 826 llic
890 769 1060 828 monstravit
1082 769 1192 840 pmlem
1214 764 1311 826 David

229 855 477 928 Complanansque
499 871 611 927 aspera.
845 852 1032 913 auferentem
1056 853 1174 912 seelera.

136 958 166 1018 2.
190 957 246 1016 Hie
269 957 393 1029 deserta,
413 958 473 1030 jam
492 956 529 1015 ad
552 963 630 1016 serto
751 962 781 1020 4.
804 957 860 1018 Sed
883 956 968 1016 istius
989 960 1056 1016 sunt
1077 957 1160 1016 unius
1298 1025 1300 1031 ¹

232 1043 320 1101 Totus
343 1041 467 1116 flagrans
490 1059 603 1115 supera,
845 1043 900 1100 Tot
923 1049 951 1099 et
973 1048 1054 1102 tanta
1075 1058 1202 1112 munera,

188 1128 338 1201 Expetivit
359 1134 389 1186 et
409 1127 516 1187 subivit
803 1129 843 1188 Ut
865 1128 1018 1186 narrandis
1045 1128 1085 1185 eis
1107 1127 1225 1200 grandis

231 1216 266 1273 In
288 1219 382 1273 aetate
403 1220 510 1276 tenera.
653 1264 656 1269 .
846 1214 937 1283 Cedat
958 1214 1072 1287 linguae
1089 1229 1186 1286 opera.

204 1333 311 1399 Antiph.
330 1349 378 1382 ms.
397 1348 465 1383 saec.
486 1329 524 1382 13.
545 1329 607 1382 Cod.
626 1333 712 1398 Capit
731 1333 824 1383 Osoen.
843 1348 863 1381 a.
882 1349 907 1381 n.

432 1514 489 1573 310.
524 1515 562 1572 lio
579 1517 676 1573 saneto
694 1515 821 1572 delarue
840 1512 1033 1588 llvaugoliata.

585 1635 628 1691 Ad
647 1637 727 1707 Veap.
746 1643 773 1691 et
789 1637 866 1691 Noct.

140 1760 303 1819 alterna
326 1760 408 1834 plebs
431 1760 567 1832 fidelium,
752 1766 780 1822 5.
805 1762 897 1833 Hujus
920 1759 1008 1818 fontis
1029 1759 1160 1834 potentia

192 1846 325 1904 Calamus
349 1847 402 1904 Dei
425 1844 524 1917 tilium,
803 1848 941 1919 Repletus
964 1853 992 1903 et
1014 1846 1144 1917 scientia,

192 1931 334 1989 Johunnis
356 1948 426 1990 vera
449 1934 560 1990 cantica
806 1933 894 1990 Verbi
917 1932 1008 1991 divini
1031 1932 1124 2005 gratia

193 2017 293 2074 Laude
315 2024 399 2076 conat
421 2018 579 2090 magnilica.
805 2019 905 2076 Totam
930 2017 1042 2075 diffudit
1064 2017 1174 2079 Asiam.

140 2123 168 2179 2.
192 2120 244 2192 Qui
268 2120 359 2193 stirpe
382 2125 465 2180 natus
488 2120 588 2192 nobili,
752 2125 781 2182 6.
805 2122 880 2179 Huic
900 2121 1031 2179 Christus
1054 2119 1188 2193 apparuit

193 2206 281 2279 Virgo
303 2207 363 2264 vita
385 2205 524 2264 laudabili
805 2208 898 2279 Eique
921 2206 995 2263 diem
1019 2205 1126 2275 docuit,

191 2290 295 2348 Mundi
317 2292 440 2351 calcavit
463 2292 533 2351 vitia
805 2293 866 2363 Quo
886 2293 979 2364 ipsum
1001 2293 1038 2350 ad
1062 2291 1194 2350 convivia

194 2376 307 2434 Patrem
331 2377 461 2450 linquens
484 2383 513 2435 et
534 2377 617 2437 retia.
805 2380 942 2438 Fratrum
965 2383 1080 2436 vocaret
1104 2376 1210 2438 dulcia.

139 2481 168 2538 3.
190 2478 288 2537 desum
311 2495 432 2551 sequens
455 2496 517 2536 cum
540 2480 661 2553 gaudio,
754 2483 782 2541 7.
804 2481 864 2551 Quo
887 2481 933 2537 die
953 2484 1054 2538 sancta
1074 2479 1170 2538 anima

191 2565 307 2622 Amor-is
330 2564 480 2637 privilegio
805 2565 896 2625 Simul
919 2581 982 2623 cum
1004 2566 1068 2623 luce
1088 2565 1215 2623 maxima

193 2649 332 2707 Decorari
355 2650 512 2720 promeruit
807 2651 970 2724 Suscipitor
991 2651 1019 2708 in
1043 2650 1134 2724 gloria

195 2735 413 2808 virtutibusque
435 2733 540 2796 floruit.
805 2732 885 2798 Coeli
906 2736 1048 2810 gaudente
1071 2736 1159 2795 curia

140 2839 169 2895 4.
190 2837 298 2894 Hicin
322 2853 410 2895 coena
432 2838 575 2897 dominica
753 2843 781 2901 8.
805 2842 933 2898 Aeterno
956 2839 1018 2897 laus
1039 2839 1077 2896 sit
1099 2838 1217 2915 numini,

192 2922 315 2981 Fluenta
339 2922 504 2995 evangeliea
807 2925 889 2987 Patri
910 2930 1033 2997 natoque
1055 2922 1162 2982 flamini

193 3007 237 3065 De
259 3024 342 3065 sacro
366 3006 445 3067 tonte
467 3010 577 3081 gratiae
806 3011 918 3083 Datque
941 3011 999 3068 suis
1022 3010 1202 3071 Christicolis

193 3093 307 3151 Potavit
329 3094 432 3151 mentis
454 3094 524 3156 acie.
805 3097 937 3169 Regnare
960 3112 1021 3153 cum
1045 3095 1192 3168 apostolis.

208 3213 284 3260 Brev.
308 3227 355 3260 ms.
376 3211 605 3277 Calagurritanunr
624 3230 691 3264 sace.
712 3211 750 3263 15.
770 3215 833 3264 Cod.
852 3214 1037 3264 Salmarrticen.
1059 3211 1113 3263 186.
1132 3239 1166 3247 -
1183 3210 1208 3273 4,
1229 3211 1240 3261 l
1262 3213 1314 3263 Sic.

141 3282 168 3327 in
186 3295 275 3328 coena.
294 3306 327 3315 -
344 3279 420 3330 Nach
439 3280 489 3330 Str.
508 3278 524 3330 8
542 3281 609 3347 iolgt
625 3283 693 3332 noch
712 3283 805 3334 Gloria
823 3284 872 3333 tibi
892 3282 1011 3344 Domino,
1037 3282 1312 3347 ilberfldasigerweise‚

138 3347 173 3397 da
190 3348 271 3397 achon
289 3348 306 3399 8
323 3349 472 3414 Doxologie
491 3351 533 3399 ist.

426 3529 477 3588 311.
513 3531 552 3590 lta
572 3535 669 3592 saneto
687 3534 814 3592 Jolranua
831 3531 1028 3607 Evangeliata.

638 3656 682 3712 Ad
699 3657 814 3712 Laudes.

141 3776 168 3835 1.
190 3775 269 3848 Jesu,
293 3792 398 3836 corona
420 3778 569 3853 virginum,
753 3786 781 3844 3.
803 3782 910 3840 Hicin
933 3773 1038 3840 montis
1058 3781 1204 3840 cacumine

194 3865 320 3920 Aeterna
342 3863 420 3923 salus
442 3863 595 3942 hominum,
805 3867 846 3924 Te
868 3867 966 3926 desmn
990 3868 1098 3926 clarum
1120 3866 1227 3926 lumine

192 3944 332 4006 iohannis
355 3946 458 4006 testum
482 3951 576 4009 colere
804 3952 884 4011 Vidit
904 3953 934 4010 in
959 3953 1010 4011 Dei
1034 3955 1130 4026 specie

193 4032 239 4089 Ita
261 4031 342 4090 nobis
365 4034 412 4107 pio
435 4052 560 4099 munere,
806 4038 878 4096 Diae
898 4038 973 4096 dono
996 4039 1174 4101 clementiae.

140 4138 169 4194 2.
193 4134 247 4206 Qut
270 4141 386 4194 vocatus
409 4155 426 4196 a
448 4140 555 4211 nuptiis
754 4145 783 4202 4.
806 4140 849 4200 Ob
872 4139 989 4198 verbum
1012 4141 1151 4215 evangelii

192 4220 303 4292 Spretis
327 4223 421 4281 carnis
444 4226 589 4297 spurcitiis
805 4226 890 4283 Dolio
914 4228 1016 4284 missus
1037 4228 1092 4285 olei

194 4306 235 4363 Te
260 4322 374 4381 semper
393 4318 483 4382 super
504 4311 599 4370 omnia
804 4313 967 4384 Ferventis,
990 4312 1058 4372 inde
1079 4312 1149 4372 exiit

193 4391 304 4449 Dilexit
325 4399 354 4450 et
376 4396 552 4467 peremnia.
806 4397 937 4470 illaesos,
960 4404 993 4456 ut
1015 4398 1185 4472 promeruit.
