2918 4868
614 223 844 288 -112-

259 398 301 456 ln
326 396 353 458 1.
376 397 584 458 Noctnruo.

336 531 512 598 Antiphanes.

156 653 184 716 l.
208 654 240 713 ln
263 655 325 728 lege
348 654 402 713 Dei
421 656 530 730 jugiter

248 739 296 800 Sic
316 740 518 815 meditabatur,

206 826 288 898 Quod
310 826 389 886 coelo
411 829 577 900 perenniter

245 911 310 971 Jam
334 912 535 986 congloriatur.

153 1032 182 1092 2.
207 1030 307 1089 Crucis
329 1031 475 1105 signaculo

250 1115 287 1175 Se
310 1117 421 1176 Helena
442 1118 574 1193 signavit,

205 1206 294 1273 Quam
317 1201 447 1262 Christus
465 1204 561 1275 jaculo

246 1287 345 1346 llostis
369 1290 574 1362 praeservavit.

150 1408 179 1466 8.
203 1405 361 1466 Sulvaturis
383 1409 498 1468 Domini

247 1493 338 1551 Cruce
356 1494 417 1565 jam
438 1495 555 1557 inventa

204 1577 371 1651 Duplicarit
392 1580 499 1639 homini

243 1662 328 1722 Fidei
349 1665 467 1729 talenta.

326 1851 512 1917 Responsoria.

151 1970 179 2033 1.
204 1970 298 2029 Adest
319 1972 378 2030 diei
399 1974 533 2045 gaudium

248 2057 397 2116 Praesenti
419 2059 521 2132 plausu
543 2063 633 2135 vano,

204 2141 259 2200 Per
280 2144 379 2203 mundi
402 2152 498 2204 currat
520 2148 643 2207 stadium

246 2227 323 2286 Laus
343 2245 428 2288 cursu
448 2232 636 2311 quadrifario,

140 2311 174 2373 V.
202 2314 237 2371 ln
258 2313 342 2387 hujus
363 2321 480 2375 sanctae
502 2319 605 2378 studiis

202 2397 285 2456 Datis
306 2416 424 2473 prorsus
446 2404 574 2476 repudiis

245 2484 366 2544 Virtutis
388 2487 564 2553 adversario.

151 2604 180 2664 2.
204 2601 301 2660 Mater
322 2612 421 2665 sancta
441 2607 620 2669 Constantini

203 2687 249 2745 Ex
271 2691 376 2748 amoris
399 2692 427 2751 vi
451 2692 540 2753 divini

246 2775 280 2833 11
304 2775 409 2834 divinis
432 2778 550 2856 studuit,

138 2858 173 2919 V.
202 2860 283 2930 Quod
306 2861 423 2935 incepit,
447 2870 525 2922 recto
548 2866 597 2924 lini

244 2945 451 3006 Commendare
474 2949 571 3009 voluit

147 3064 176 3126 8.
201 3062 321 3123 Cmcem
345 3066 514 3128 dominicam

242 3151 383 3223 quaesivit
404 3154 498 3227 anxia,

201 3234 291 3307 Quam
311 3239 506 3299 occultaverat

245 3321 311 3380 dolo
332 3339 401 3397 gens
422 3325 518 3406 impis,

136 3406 170 3464 V.
198 3405 246 3464 Sic
267 3425 315 3466 ars
338 3410 492 3485 deluditur,

200 3491 308 3552 Delusa
329 3496 457 3556 truditur

240 3584 303 3638 arte
326 3581 462 3645 salvifica.

256 3856 296 3913 ln
319 3858 348 3918 2.
373 3854 575 3919 Noctnruo.

325 3991 500 4056 Antiphouae.

146 4115 173 4174 1.
196 4115 262 4174 Jaru
280 4112 309 4170 in
332 4111 447 4186 reginae
470 4112 554 4173 labiis

239 4197 341 4257 Gratia
364 4196 542 4270 diffunditur,

198 4282 363 4357 Diebusque
385 4283 527 4343 coutinuis

240 4371 268 4429 Δ
292 4369 406 4431 Christo
427 4369 615 4436 benedicitur.

766 400 796 463 2.
818 398 916 471 Mane,
938 414 1012 471 sero,
1036 397 1163 458 diluculo

862 484 984 557 Arljuvit
1005 500 1069 544 eam
1089 485 1177 557 Deus,

820 574 910 644 Quam
933 568 1013 643 cupit
1034 571 1122 630 corde
1143 568 1268 629 subdulo

864 655 1006 730 Decipere
1026 656 1163 718 Judaem

765 760 795 818 8.
815 756 896 815 Hace
917 756 1132 817 tundamentum
1152 758 1280 817 solidum

862 843 896 902 ln
918 843 1025 903 sanctis
1043 844 1115 916 jecit
1136 844 1296 919 montibus,

820 928 974 1001 Liquorem
996 929 1093 989 hausit
1114 927 1234 989 fluidum

860 1015 887 1073 A
910 1015 1063 1075 salvatoris
1086 1013 1223 1076 fontibus.

947 1151 1132 1216 liespousoria.

767 1253 794 1313 1.
816 1253 993 1314 ludaeorum
1014 1253 1165 1328 perfidiam

863 1339 928 1399 Non
952 1340 1067 1400 insitam
1089 1340 1236 1415 supplicio

818 1424 1019 1485 Extermiuare
1041 1426 1142 1504 potuit,

863 1511 938 1570 Vero
960 1512 1015 1571 Dei
1036 1512 1143 1571 indicio

757 1595 790 1655 V.
818 1595 990 1657 Exsecntrix
1012 1597 1136 1657 sollicita

818 1680 969 1742 Punitione
991 1683 1071 1743 licita

860 1767 924 1826 Hoc
945 1769 1058 1843 peregit
1075 1767 1195 1841 judicio.

764 1869 793 1931 2.
816 1868 946 1942 spiritali
968 1870 1051 1929 radio

859 1955 986 2015 virtuosi
1000 1956 1114 2015 luminis

815 2040 941 2116 Fulgens
963 2043 1039 2103 vitae
1059 2043 1169 2102 meritis

859 2129 1032 2201 Imperatrix
1054 2128 1184 2188 culminis

857 2213 903 2273 Ex
926 2214 1125 2274 solicitudinis.

753 2297 787 2357 V.
815 2298 914 2374 Longo
936 2299 1043 2360 sudans
1065 2299 1162 2360 studio

859 2385 1009 2459 Partieeps
1031 2385 1064 2444 fit
1085 2386 1217 2445 numinis.

763 2491 791 2548 3.
815 2488 934 2560 Helena,
957 2505 1008 2547 uos
1031 2490 1113 2548 eleva

859 2574 1002 2633 virtuosis
1024 2573 1158 2648 precibus

815 2659 863 2718 Ad
887 2660 950 2718 loca
971 2659 1108 2719 melliflua

858 2745 1034 2819 Expmgatis
1056 2744 1193 2817 faecibus,

752 2830 786 2890 V.
815 2830 855 2890 Ut
877 2830 1015 2889 laetemur
1033 2832 1094 2903 jam
1117 2833 1194 2889 exuti

860 2916 1033 2975 Ponderosis
1056 2916 1185 2977 nexibus.

872 3088 966 3149 118.
991 3088 1196 3150 Noctnruo.

943 3205 1119 3271 Antiphanes.

765 3313 792 3373 1.
816 3310 872 3370 Hic
894 3316 938 3369 est
959 3326 1047 3384 super
1068 3325 1166 3369 omnes
1189 3311 1259 3370 deos

856 3396 979 3470 Magnus
1001 3402 1030 3453 et
1047 3395 1196 3473 terribilis,

810 3482 868 3541 Per
889 3497 971 3554 quem
994 3478 1145 3540 confundit
1165 3482 1294 3544 iudaeos

856 3567 1030 3639 Imperatrix
1053 3566 1168 3629 nobilis.

760 3673 790 3732 2.
813 3669 946 3730 Inimicus
968 3667 1139 3728 inflammari

854 3754 947 3817 Jnsait
968 3755 998 3813 in
1021 3755 1141 3814 circuitu

813 3842 908 3914 Atque
932 3840 1042 3899 vinctos
1065 3839 1204 3916 flagellari

855 3928 889 3987 In
912 3927 974 3998 ejus
995 3925 1109 3986 intuitu.

760 4035 789 4094 3.
813 4030 919 4089 Notum
942 4026 1011 4087 iecit
1032 4027 1158 4088 salutare

813 4116 853 4174 Et
872 4114 1014 4173 oecultum
1036 4114 1166 4174 revelare

856 4200 999 4261 Vexillum
1022 4199 1204 4274 dominicum,

814 4286 930 4361 Signum
954 4291 1035 4359 patet
1056 4285 1209 4360 singulare,

856 4371 1020 4447 Mmtiplex,
1043 4369 1204 4432 mirificum.
