2918 4868
602 252 836 316 -104-

198 426 266 498 lpse
287 426 354 484 tulit

240 511 322 570 nobis
345 511 475 589 exennia,

195 599 273 670 Quae
295 613 438 671 nunquam
458 599 521 671 quis

238 683 336 741 attulit
358 684 497 756 nuntium,

195 768 384 842 assequimur

238 854 375 913 coelicum
397 855 548 934 gaudium3

131 939 167 1000 V.
196 939 261 998 Hoc
284 941 363 999 dolet
385 938 461 1000 furia

239 1023 346 1084 inferni
368 1027 489 1098 tristius,

170 1144 176 1151 -
196 1111 261 1170 Hoc
282 1111 443 1187 congaudet

238 1197 370 1256 coelestis
392 1197 514 1270 plenius,

196 1281 295 1340 Talem
318 1282 399 1341 decet

238 1369 301 1425 laus
320 1373 349 1425 et
370 1367 546 1442 obsequium.

146 1490 175 1546 3.
198 1487 221 1546 0
244 1503 328 1558 quam
350 1487 456 1561 gaudet
477 1489 507 1545 iu
527 1487 620 1560 gloria

197 1571 325 1643 Gabriel,
348 1574 449 1645 plenus
472 1573 586 1647 gaudio,

197 1656 385 1716 Ceuhrrnatus
407 1659 437 1717 in
458 1659 560 1733 gratia,

196 1743 283 1801 Nullo
305 1743 437 1802 turbatus
459 1744 572 1816 taedio;

197 1829 334 1886 Fructum
357 1834 452 1902 gustat
474 1830 617 1902 eximium,

199 1914 287 1986 Quem
310 1914 389 1987 virgo
412 1915 479 1973 tulit
500 1917 617 1990 gremio,

200 1999 320 2073 Semper
342 2006 487 2059 carentem
510 2001 590 2063 vitio.

133 2084 169 2146 V.
197 2085 253 2144 Hic
276 2085 379 2146 ditavit

241 2187 358 2244 reguum
382 2173 556 2245 coelestium,

196 2255 269 2315 Dum
292 2259 426 2317 tractavit

238 2349 348 2402 tantum
370 2345 553 2408 consortium.

256 2566 296 2624 ln
320 2568 349 2630 3.
373 2566 579 2630 Nocturna.

327 2700 502 2767 Antiphouae.

151 2822 178 2880 1.
203 2822 260 2880 Per
281 2823 412 2902 gratiam,
435 2823 479 2881 sol
500 2823 621 2899 gratiae,

244 2907 371 2985 Gabriel,
395 2908 442 2966 lue
464 2907 559 2968 faeces

201 2992 325 3052 Nostrae
348 2994 450 3052 mentis
473 2994 603 3069 plenarie

246 3079 285 3136 Et
305 3079 373 3138 audi
394 3087 507 3140 nostras
530 3096 641 3155 preces.

149 3201 179 3259 2.
202 3199 246 3257 Tu
268 3214 298 3256 es
321 3199 406 3259 stella
427 3201 577 3276 lucentior‚

246 3284 373 3362 Gabriel,
396 3285 595 3358 dissensum,

202 3369 246 3428 Tu
269 3386 299 3428 es
322 3371 383 3429 Deo
405 3372 601 3445 propinquior,

242 3456 341 3531 Dirige
363 3463 492 3516 nostrum
514 3473 637 3519 cursum.

151 3577 180 3638 3.
204 3575 273 3634 Flos
295 3577 413 3637 Gabriel
436 3578 548 3656 eximie,

247 3664 406 3723 Peromans
428 3663 604 3740 paradisum,

203 3746 327 3808 Odorem
352 3748 389 3809 da
410 3748 596 3826 fragrantiae,

248 3834 366 3893 Hostem
385 3832 453 3909 iuga
473 3835 603 3895 invisum.

324 3989 509 4053 Respousoria.

154 4109 181 4171 1.
206 4109 323 4168 Gabriel
348 4108 441 4184 dignis
463 4107 596 4167 laudibus

249 4195 372 4254 Marium
395 4195 531 4254 salutavit

203 4281 241 4339 Et
264 4298 317 4353 pru
340 4282 443 4340 nostris
465 4280 620 4339 sceleribus

249 4367 387 4427 Delendis
409 4367 551 4426 nuntiavit

815 426 929 499 Eidem,
953 425 1056 499 plenae
1078 424 1216 503 moribus,

854 512 1018 585 Dominum,
1041 511 1213 588 peramavit,

856 598 908 658 Cui
930 614 997 657 mox
1018 598 1083 671 ipsa
1105 595 1196 657 iavit:

748 685 784 747 V.
810 684 897 755 Ecce,
920 683 1001 756 dicit,

855 769 961 829 ancilla
982 768 1107 841 Domini,

812 854 858 914 la
879 853 938 931 fiat

855 946 887 999 ut
909 941 1005 1014 placet
1026 939 1145 1011 numini,

853 1026 894 1085 Et
914 1042 947 1086 us
968 1030 1047 1083 tuum
1069 1025 1207 1085 narravit.

760 1149 789 1206 2.
812 1145 895 1205 Beati
916 1150 991 1217 sunt,

854 1231 904 1304 qui
926 1237 1039 1291 cessam
1061 1230 1191 1303 linquere

813 1316 853 1375 Et
874 1317 1004 1375 nituntur

853 1403 883 1461 in
906 1402 1021 1464 Christo
1042 1401 1149 1471 vivere,

813 1489 869 1547 Pro
891 1487 936 1545 his
958 1488 1037 1545 misit

853 1573 932 1631 Deus
952 1573 989 1632 ab
1011 1572 1128 1632 aethere

812 1658 987 1731 Gabrielem,

855 1745 980 1817 puellam
1001 1744 1124 1818 jnngere

812 1829 868 1888 Suo
891 1836 957 1890 nuto

854 1915 907 1974 sub
930 1921 1028 1975 sancto
1050 1913 1185 1984 loedere;

748 2000 783 2063 V.
815 2000 850 2059 In
873 2001 1018 2060 Nazareth

855 2088 962 2147 salutat
984 2086 1132 2160 virginem,

812 2170 891 2231 Evae
913 2180 1026 2232 mutam

851 2257 1070 2317 amaritudinem

811 2345 846 2404 In
869 2344 1014 2403 dulcorem

855 2429 952 2490 diuino
974 2444 1070 2503 opere.

762 2551 790 2609 3.
813 2547 925 2626 (lentot,
947 2549 1047 2609 laudet

854 2651 955 2710 egum
977 2634 1105 2694 fidelium

813 2719 912 2779 Sancti
934 2720 1039 2780 festum

856 2821 920 2865 cum
941 2807 1027 2880 pleno
1049 2806 1153 2880 gaudio

813 2890 969 2966 Gabrielis,

857 2978 927 3037 ciris
950 2977 1124 3050 coelestium,

814 3063 868 3134 Qui
890 3063 984 3123 fidelis

857 3149 982 3210 exsultat
996 3148 1109 3220 bravio;

750 3233 786 3295 V.
813 3233 903 3308 Nitet,
924 3235 1004 3293 videt

858 3320 985 3380 clinnum
1008 3320 1110 3397 filum,

815 3405 915 3465 Virum
938 3407 1051 3479 mirum,

858 3493 946 3551 vitam
969 3492 1154 3569 credentium,

816 3577 870 3648 Qui
891 3595 943 3636 nos
964 3579 1057 3637 salvat

861 3679 896 3722 ex
918 3680 1003 3738 posse
1024 3665 1152 3737 proprio.

896 3886 937 3945 ln
960 3885 1167 3946 Laudibus.

948 4004 1125 4070 antiphonae.

769 4109 796 4169 1.
821 4109 844 4167 Ο
867 4108 962 4166 lumen
984 4107 1161 4184 indeficiens,

865 4194 992 4266 Gabriel,
1016 4200 1065 4252 tuo
1087 4195 1193 4253 lumine

822 4280 967 4339 Tenebras
989 4280 1029 4338 sis
1051 4280 1178 4352 eJicicns,

863 4366 942 4438 Quae
954 4382 1006 4425 nos
1017 4372 1139 4441 gravant
1146 4365 1323 4439 peccamine.
