2918 4868
627 253 837 319 ...37-

501 430 530 489 3.
554 427 620 499 Ipse
643 427 692 485 det
712 433 823 500 patrem
846 443 964 486 noscere

555 511 646 570 Nobis
669 511 809 570 etlilium
831 513 923 584 ipsum

557 597 713 656 Credentes
735 598 811 655 omni
835 604 962 670 tempore

558 683 596 742 Se
617 683 766 757 utriusque
788 684 929 756 spiritum.

209 818 284 868 Orat.
307 835 356 870 ms.
379 834 447 870 saec.
473 816 512 870 15.
533 819 598 870 Cod.
623 818 651 870 S.
669 818 827 869 Ferdinandi
846 821 980 871 Matriten.
1007 818 1047 871 14.
1069 848 1104 858 -
1129 818 1158 882 3,
1180 820 1320 886 ⁴{Senaque

139 890 266 953 spiritum
284 887 334 937 Hs.

501 1155 546 1213 20.
575 1155 606 1213 lu
623 1152 806 1213 Exaltstiuna
824 1170 846 1212 s.
865 1155 967 1214 Crucis.

639 1326 684 1382 Ad
701 1328 842 1398 vesperas.

149 1503 177 1562 1.
199 1501 294 1575 Salve,
317 1502 394 1561 vitae
415 1502 533 1580 lignum,
762 1507 791 1564 2.
814 1504 921 1562 Perta
943 1520 1020 1562 mors
1043 1505 1189 1565 ‹lestmeta

202 1589 321 1647 Sacrum
344 1589 437 1647 crucis
461 1588 580 1665 signnm,
814 1590 854 1647 Et
877 1589 936 1648 vita
957 1591 1085 1664 reducta,

203 1673 298 1746 Salve,
322 1680 421 1732 noster
443 1674 543 1747 honor,
815 1676 920 1734 Perta
941 1692 993 1734 uos
1016 1676 1108 1734 salvet
1130 1675 1260 1735 Christus

203 1759 308 1817 Mortis
331 1759 429 1818 delens
451 1776 531 1818 onus.
815 1762 931 1821 Dudum
955 1761 985 1819 in
1007 1767 1036 1818 te
1056 1760 1138 1825 fixus.

217 1894 295 1944 Brev.
308 1893 462 1959 Urgellense
476 1895 538 1958 imp.
548 1895 669 1945 Venetiis
685 1892 757 1945 1487.
767 1895 797 1945 Α.
813 1921 842 1928 -
856 1896 931 1945 Brev.
944 1894 1117 1959 Majoricense
1131 1898 1192 1960 imp.
1205 1898 1324 1948 Venetiis

148 1960 223 2013 1506.
247 1964 277 2011 Β.
300 1988 334 1996 -
357 1964 433 2012 Brea.
457 1963 616 2013 Celsonense
637 1966 698 2028 imp.
722 1963 947 2029 Caesaraugustae
972 1961 1045 2013 1514.
1070 1965 1098 2013 C.
1125 1992 1158 2000 —
1183 1967 1236 2015 Der
1258 1967 1325 2016 voll-

144 2032 268 2096 stindige
291 2033 360 2082 Text
381 2030 427 2081 des
450 2031 545 2081 Liedes
569 2031 651 2082 findet
674 2032 731 2081 sich
754 2033 836 2083 sehon
857 2032 933 2081 Amal.
959 2033 1010 2087 XI.
1033 2029 1075 2082 23.
1103 2059 1136 2066 —
1161 2032 1186 2087 1,
1210 2032 1226 2082 2
1251 2035 1326 2096 enjus

144 2103 252 2164 siguum
274 2099 306 2149 Δ.
328 2125 362 2133 -
389 2097 413 2159 l,
436 2098 454 2150 4
475 2102 561 2149 Morte
582 2099 672 2150 delens
696 2100 727 2149 Α.
749 2128 783 2136 -
806 2098 834 2156 2,
857 2096 874 2147 3
896 2101 982 2148 salvet
1003 2117 1051 2149 nos
1074 2103 1104 2150 Α.
1124 2130 1156 2137 -
1174 2100 1202 2157 3,
1226 2100 1326 2167 amjus

145 2174 226 2234 atque
246 2169 278 2217 A.
297 2197 330 2205 -
351 2169 403 2218 Die
421 2184 504 2234 ganne
522 2169 672 2235 Doxologie
689 2169 774 2219 lautet
791 2171 819 2218 in
838 2169 859 2218 C
876 2169 1057 2218 aliiveicliend:

593 2272 635 2322 Sit
651 2273 711 2322 lans
729 2274 785 2322 Deo
805 2273 882 2336 patri,

592 2342 664 2391 Laus
682 2343 711 2390 in
728 2356 805 2390 crues
822 2338 880 2399 filii,

594 2410 704 2474 Spiritui
724 2414 815 2458 sancte

593 2479 689 2528 Trinus
707 2483 734 2527 et
752 2494 819 2528 unus
837 2472 907 2543 [sie].

465 2746 507 2802 21.
543 2745 582 2802 lle
600 2742 730 2802 Passieno
748 2744 883 2817 lmaginis
902 2744 1013 2803 Cli-isti.

636 2914 679 2968 Ad
693 2915 833 2984 Vesperas.

147 3095 178 3154 l.
202 3091 266 3150 Nus
288 3091 381 3164 imago
402 3091 541 3150 trinitatis
768 3095 796 3155 3.
820 3092 873 3150 Tui
896 3108 1000 3160 sumus,
1024 3098 1102 3148 tunm
1126 3093 1245 3166 plasma,

247 3192 415 3235 veneremur
436 3176 535 3248 filium,
862 3184 892 3234 tu
916 3175 1041 3235 reforma
1061 3179 1187 3249 perdita,

201 3263 257 3334 Qui
280 3262 372 3335 imago
394 3263 448 3321 Dei
470 3263 562 3335 patris
820 3264 913 3321 Renes
935 3269 1047 3320 nostros
1069 3264 1116 3334 qui
1138 3263 1275 3320 scrutaris

248 3347 349 3406 mortis
368 3348 434 3405 tulit
457 3349 592 3423 taedium,
863 3354 892 3405 et
914 3347 1009 3405 cordis
1031 3347 1209 3418 abscondita,

206 3435 270 3505 Qua
291 3433 434 3506 redempti
458 3435 608 3506 pravitatis
820 3434 981 3494 Praemium
1004 3439 1033 3489 te
1055 3440 1181 3491 nostrum
1204 3434 1307 3492 seimus

250 3520 387 3595 Fugimus
409 3520 550 3581 exsilium.
858 3519 936 3577 intra
959 3519 1030 3576 coeli
1052 3518 1161 3578 abdita.

145 3679 178 3737 2.
203 3673 376 3749 Salaenos,
399 3673 514 3734 Christe
534 3676 670 3751 salvator,
765 3678 794 3734 4.
819 3675 910 3732 Tuum
933 3680 986 3745 est,
1010 3691 1026 3730 0
1048 3673 1118 3731 lesu
1141 3673 1224 3738 bone,

248 3758 355 3817 virtute
377 3759 506 3832 mirifica,
861 3760 974 3818 salvare
997 3775 1049 3831 per
1070 3760 1201 3831 gratiam,

202 3845 281 3916 Quos
303 3846 408 3903 creasti
430 3846 508 3905 orbis
530 3851 639 3920 auctor,
819 3846 872 3917 Qui
896 3846 996 3903 salutis
1020 3853 1100 3902 tenes
1122 3861 1223 3902 nomen

246 3935 279 3987 ut
300 3929 363 4003 lege
384 3932 503 4003 politica
862 3948 914 4004 per
936 3931 1107 3989 mundanam
1130 3931 1298 4002 ntachinam,

204 4015 395 4077 Convivamus
417 4022 616 4090 exspectantes
819 4017 849 4076 Si
872 4034 927 4074 non
947 4017 1042 4074 salvas
1065 4033 1126 4087 iios,
1148 4017 1285 4088 perimus,

243 4117 363 4160 munera
383 4102 542 4177 magnifiee.
861 4109 892 4160 ut
914 4118 1061 4175 speramus
1084 4103 1206 4162 venium.

562 4239 662 4298 Gloria
684 4247 712 4296 et
734 4238 825 4296 honor
847 4238 919 4298 Dee.

219 4357 299 4408 Brea.
318 4354 545 4423 Calagurritannm
564 4362 591 4407 et
608 4357 773 4409 Celeiatense
791 4358 854 4421 imp.
875 4357 1000 4405 liaiaronii
1021 4351 1095 4405 1543.
