<?xml version="1.0" encoding="UTF-8"?>
<!DOCTYPE html PUBLIC "-//W3C//DTD XHTML 1.0 Transitional//EN"
    "http://www.w3.org/TR/xhtml1/DTD/xhtml1-transitional.dtd">
<html xmlns="http://www.w3.org/1999/xhtml" xml:lang="en" lang="en">
 <head>
  <title>
</title>
<meta http-equiv="Content-Type" content="text/html;charset=utf-8" />
  <meta name='ocr-system' content='tesseract 3.04.00' />
  <meta name='ocr-capabilities' content='ocr_page ocr_carea ocr_par ocr_line ocrx_word'/>
</head>
<body>
  <div class='ocr_page' id='page_1' title='image "./hymnodiahiberic00drevgoog_0045.png"; bbox 0 0 2918 4868; ppageno 0'>
   <div class='ocr_carea' id='block_1_1' title="bbox 618 269 834 335">
    <p class='ocr_par' dir='ltr' id='par_1_1' title="bbox 618 269 834 335">
     <span class='ocr_line' id='line_1_1' title="bbox 618 269 834 335; baseline -0.005 -17"><span class='ocrx_word' id='word_1_1' title='bbox 618 269 834 335; x_wconf 68' lang='lat' dir='ltr'>,gg-</span> 
     </span>
    </p>
   </div>
   <div class='ocr_carea' id='block_1_2' title="bbox 451 468 1006 667">
    <p class='ocr_par' dir='ltr' id='par_1_2' title="bbox 451 468 1006 667">
     <span class='ocr_line' id='line_1_2' title="bbox 451 468 1006 545; baseline -0.004 -16"><span class='ocrx_word' id='word_1_2' title='bbox 451 473 494 529; x_wconf 79' lang='lat'>22.</span> <span class='ocrx_word' id='word_1_3' title='bbox 530 471 569 529; x_wconf 83' lang='lat' dir='ltr'>lte</span> <span class='ocrx_word' id='word_1_4' title='bbox 587 471 721 529; x_wconf 83' lang='lat' dir='ltr'>Passieno</span> <span class='ocrx_word' id='word_1_5' title='bbox 739 469 874 545; x_wconf 70' lang='lat' dir='ltr'>lanuginis</span> <span class='ocrx_word' id='word_1_6' title='bbox 894 468 1006 528; x_wconf 70' lang='lat' dir='ltr'>Christi.</span> 
     </span>
     <span class='ocr_line' id='line_1_3' title="bbox 493 612 845 667; baseline -0.003 0"><span class='ocrx_word' id='word_1_7' title='bbox 493 643 496 649; x_wconf 92' lang='lat'>·</span> <span class='ocrx_word' id='word_1_8' title='bbox 610 612 654 666; x_wconf 83' lang='lat' dir='ltr'>Ad</span> <span class='ocrx_word' id='word_1_9' title='bbox 672 612 845 667; x_wconf 81' lang='lat' dir='ltr'>Nocturnum.</span> 
     </span>
    </p>
   </div>
   <div class='ocr_carea' id='block_1_3' title="bbox 142 751 1209 1254">
    <p class='ocr_par' dir='ltr' id='par_1_3' title="bbox 142 751 1209 1254">
     <span class='ocr_line' id='line_1_4' title="bbox 142 751 1192 830; baseline -0.005 -15"><span class='ocrx_word' id='word_1_10' title='bbox 142 758 169 815; x_wconf 88' lang='lat'>1.</span> <span class='ocrx_word' id='word_1_11' title='bbox 189 755 286 830; x_wconf 89' lang='lat' dir='ltr'>Pange</span> <span class='ocrx_word' id='word_1_12' title='bbox 307 754 404 827; x_wconf 90' lang='lat' dir='ltr'>lingua</span> <span class='ocrx_word' id='word_1_13' title='bbox 426 753 544 826; x_wconf 81' lang='lat' dir='ltr'>gloriosi</span> <span class='ocrx_word' id='word_1_14' title='bbox 755 757 783 815; x_wconf 82' lang='lat'>3.</span> <span class='ocrx_word' id='word_1_15' title='bbox 807 753 896 812; x_wconf 85' lang='lat' dir='ltr'>Fides</span> <span class='ocrx_word' id='word_1_16' title='bbox 918 759 1018 812; x_wconf 89' lang='lat' dir='ltr'>nostra</span> <span class='ocrx_word' id='word_1_17' title='bbox 1039 751 1192 811; x_wconf 88' lang='lat' dir='ltr'>roboratur</span> 
     </span>
     <span class='ocr_line' id='line_1_5' title="bbox 233 838 1167 912; baseline -0.001 -16"><span class='ocrx_word' id='word_1_18' title='bbox 233 839 372 912; x_wconf 83' lang='lat' dir='ltr'>proelium</span> <span class='ocrx_word' id='word_1_19' title='bbox 396 838 570 911; x_wconf 76' lang='lat' dir='ltr'>certaminis,</span> <span class='ocrx_word' id='word_1_20' title='bbox 850 855 904 912; x_wconf 88' lang='lat' dir='ltr'>pro</span> <span class='ocrx_word' id='word_1_21' title='bbox 926 844 1007 897; x_wconf 90' lang='lat' dir='ltr'>tanto</span> <span class='ocrx_word' id='word_1_22' title='bbox 1028 838 1167 897; x_wconf 89' lang='lat' dir='ltr'>miraculo</span> 
     </span>
     <span class='ocr_line' id='line_1_6' title="bbox 190 921 1187 997; baseline -0.002 -13"><span class='ocrx_word' id='word_1_23' title='bbox 190 925 368 984; x_wconf 85' lang='lat' dir='ltr'>Renovatum</span> <span class='ocrx_word' id='word_1_24' title='bbox 389 924 420 982; x_wconf 92' lang='lat' dir='ltr'>in</span> <span class='ocrx_word' id='word_1_25' title='bbox 442 923 534 997; x_wconf 88' lang='lat' dir='ltr'>figura</span> <span class='ocrx_word' id='word_1_26' title='bbox 806 925 845 982; x_wconf 86' lang='lat' dir='ltr'>Et</span> <span class='ocrx_word' id='word_1_27' title='bbox 866 924 979 983; x_wconf 87' lang='lat' dir='ltr'>Judaea</span> <span class='ocrx_word' id='word_1_28' title='bbox 1001 929 1046 982; x_wconf 81' lang='lat' dir='ltr'>est</span> <span class='ocrx_word' id='word_1_29' title='bbox 1068 921 1187 982; x_wconf 85' lang='lat' dir='ltr'>confusa</span> 
     </span>
     <span class='ocr_line' id='line_1_7' title="bbox 230 1009 1137 1086; baseline 0 -18"><span class='ocrx_word' id='word_1_30' title='bbox 230 1011 290 1082; x_wconf 79' lang='lat' dir='ltr'>Jam</span> <span class='ocrx_word' id='word_1_31' title='bbox 313 1011 442 1083; x_wconf 84' lang='lat' dir='ltr'>scalptae</span> <span class='ocrx_word' id='word_1_32' title='bbox 464 1010 607 1082; x_wconf 78' lang='lat' dir='ltr'>imaginis,</span> <span class='ocrx_word' id='word_1_33' title='bbox 850 1010 1002 1082; x_wconf 83' lang='lat' dir='ltr'>pravitatis</span> <span class='ocrx_word' id='word_1_34' title='bbox 1025 1009 1137 1086; x_wconf 90' lang='lat' dir='ltr'>merito,</span> 
     </span>
     <span class='ocr_line' id='line_1_8' title="bbox 188 1094 1209 1168; baseline 0 -15"><span class='ocrx_word' id='word_1_35' title='bbox 188 1095 278 1166; x_wconf 78' lang='lat' dir='ltr'>Quam</span> <span class='ocrx_word' id='word_1_36' title='bbox 301 1094 395 1153; x_wconf 83' lang='lat' dir='ltr'>allinit</span> <span class='ocrx_word' id='word_1_37' title='bbox 417 1097 462 1152; x_wconf 91' lang='lat' dir='ltr'>vir</span> <span class='ocrx_word' id='word_1_38' title='bbox 482 1095 611 1154; x_wconf 86' lang='lat' dir='ltr'>Judaeus</span> <span class='ocrx_word' id='word_1_39' title='bbox 808 1097 880 1168; x_wconf 83' lang='lat' dir='ltr'>Spes</span> <span class='ocrx_word' id='word_1_40' title='bbox 903 1101 1023 1168; x_wconf 87' lang='lat' dir='ltr'>augetur</span> <span class='ocrx_word' id='word_1_41' title='bbox 1045 1094 1209 1156; x_wconf 87' lang='lat' dir='ltr'>Christiana</span> 
     </span>
     <span class='ocr_line' id='line_1_9' title="bbox 233 1181 1154 1254; baseline 0.003 -17"><span class='ocrx_word' id='word_1_42' title='bbox 233 1181 326 1253; x_wconf 88' lang='lat' dir='ltr'>turpis</span> <span class='ocrx_word' id='word_1_43' title='bbox 348 1187 449 1239; x_wconf 82' lang='lat' dir='ltr'>auctor</span> <span class='ocrx_word' id='word_1_44' title='bbox 470 1181 606 1244; x_wconf 81' lang='lat' dir='ltr'>criminis.</span> <span class='ocrx_word' id='word_1_45' title='bbox 850 1198 904 1254; x_wconf 90' lang='lat' dir='ltr'>pro</span> <span class='ocrx_word' id='word_1_46' title='bbox 925 1186 1006 1239; x_wconf 87' lang='lat' dir='ltr'>tauto</span> <span class='ocrx_word' id='word_1_47' title='bbox 1028 1181 1154 1244; x_wconf 77' lang='lat' dir='ltr'>oraculo</span> 
     </span>
    </p>
   </div>
   <div class='ocr_carea' id='block_1_4' title="bbox 137 1297 1216 1800">
    <p class='ocr_par' dir='ltr' id='par_1_4' title="bbox 137 1297 1216 1800">
     <span class='ocr_line' id='line_1_10' title="bbox 137 1297 1159 1373; baseline 0 -14"><span class='ocrx_word' id='word_1_48' title='bbox 137 1302 166 1359; x_wconf 85' lang='lat'>2.</span> <span class='ocrx_word' id='word_1_49' title='bbox 193 1299 315 1373; x_wconf 81' lang='lat' dir='ltr'>Sanguis</span> <span class='ocrx_word' id='word_1_50' title='bbox 337 1297 421 1357; x_wconf 82' lang='lat' dir='ltr'>fluxit</span> <span class='ocrx_word' id='word_1_51' title='bbox 444 1300 480 1358; x_wconf 92' lang='lat' dir='ltr'>de</span> <span class='ocrx_word' id='word_1_52' title='bbox 503 1299 603 1373; x_wconf 84' lang='lat' dir='ltr'>figura,</span> <span class='ocrx_word' id='word_1_53' title='bbox 755 1305 784 1361; x_wconf 82' lang='lat'>4.</span> <span class='ocrx_word' id='word_1_54' title='bbox 809 1300 910 1360; x_wconf 89' lang='lat' dir='ltr'>Gloria</span> <span class='ocrx_word' id='word_1_55' title='bbox 932 1307 961 1358; x_wconf 91' lang='lat' dir='ltr'>et</span> <span class='ocrx_word' id='word_1_56' title='bbox 983 1301 1075 1359; x_wconf 92' lang='lat' dir='ltr'>honor</span> <span class='ocrx_word' id='word_1_57' title='bbox 1096 1300 1159 1359; x_wconf 88' lang='lat' dir='ltr'>Dec</span> 
     </span>
     <span class='ocr_line' id='line_1_11' title="bbox 235 1386 1168 1458; baseline 0.002 -17"><span class='ocrx_word' id='word_1_58' title='bbox 235 1386 344 1442; x_wconf 85' lang='lat' dir='ltr'>cunctis</span> <span class='ocrx_word' id='word_1_59' title='bbox 367 1402 452 1442; x_wconf 89' lang='lat' dir='ltr'>cruor</span> <span class='ocrx_word' id='word_1_60' title='bbox 474 1386 578 1443; x_wconf 89' lang='lat' dir='ltr'>claruit</span> <span class='ocrx_word' id='word_1_61' title='bbox 849 1402 995 1458; x_wconf 88' lang='lat' dir='ltr'>usquequo</span> <span class='ocrx_word' id='word_1_62' title='bbox 1017 1387 1168 1455; x_wconf 90' lang='lat' dir='ltr'>altissimo,</span> 
     </span>
     <span class='ocr_line' id='line_1_12' title="bbox 190 1470 1118 1548; baseline 0.001 -20"><span class='ocrx_word' id='word_1_63' title='bbox 190 1470 291 1543; x_wconf 87' lang='lat' dir='ltr'>Neque</span> <span class='ocrx_word' id='word_1_64' title='bbox 312 1470 423 1528; x_wconf 87' lang='lat' dir='ltr'>Judaec</span> <span class='ocrx_word' id='word_1_65' title='bbox 445 1471 594 1542; x_wconf 88' lang='lat' dir='ltr'>sculptura</span> <span class='ocrx_word' id='word_1_66' title='bbox 808 1471 872 1531; x_wconf 89' lang='lat' dir='ltr'>Una</span> <span class='ocrx_word' id='word_1_67' title='bbox 895 1471 971 1544; x_wconf 90' lang='lat' dir='ltr'>patri</span> <span class='ocrx_word' id='word_1_68' title='bbox 994 1470 1118 1548; x_wconf 86' lang='lat' dir='ltr'>filioque,</span> 
     </span>
     <span class='ocr_line' id='line_1_13' title="bbox 233 1555 1125 1632; baseline 0.001 -19"><span class='ocrx_word' id='word_1_69' title='bbox 233 1555 347 1613; x_wconf 77' lang='lat' dir='ltr'>vimutis</span> <span class='ocrx_word' id='word_1_70' title='bbox 371 1565 400 1615; x_wconf 89' lang='lat' dir='ltr'>et</span> <span class='ocrx_word' id='word_1_71' title='bbox 422 1556 555 1632; x_wconf 92' lang='lat' dir='ltr'>numinis,</span> <span class='ocrx_word' id='word_1_72' title='bbox 852 1556 953 1615; x_wconf 90' lang='lat' dir='ltr'>inclito</span> <span class='ocrx_word' id='word_1_73' title='bbox 974 1557 1125 1629; x_wconf 85' lang='lat' dir='ltr'>paraclito,</span> 
     </span>
     <span class='ocr_line' id='line_1_14' title="bbox 190 1641 1216 1715; baseline 0.001 -18"><span class='ocrx_word' id='word_1_74' title='bbox 190 1641 280 1712; x_wconf 81' lang='lat' dir='ltr'>Quem</span> <span class='ocrx_word' id='word_1_75' title='bbox 303 1647 434 1700; x_wconf 81' lang='lat' dir='ltr'>caecarat</span> <span class='ocrx_word' id='word_1_76' title='bbox 456 1657 601 1714; x_wconf 85' lang='lat' dir='ltr'>synagoga</span> <span class='ocrx_word' id='word_1_77' title='bbox 810 1641 863 1702; x_wconf 85' lang='lat' dir='ltr'>Cui</span> <span class='ocrx_word' id='word_1_78' title='bbox 885 1642 947 1700; x_wconf 92' lang='lat' dir='ltr'>laus</span> <span class='ocrx_word' id='word_1_79' title='bbox 970 1648 1015 1699; x_wconf 92' lang='lat' dir='ltr'>est</span> <span class='ocrx_word' id='word_1_80' title='bbox 1036 1648 1065 1699; x_wconf 90' lang='lat' dir='ltr'>ct</span> <span class='ocrx_word' id='word_1_81' title='bbox 1086 1646 1216 1715; x_wconf 84' lang='lat' dir='ltr'>potestas</span> 
     </span>
     <span class='ocr_line' id='line_1_15' title="bbox 233 1726 1187 1800; baseline 0.002 -15"><span class='ocrx_word' id='word_1_82' title='bbox 233 1727 405 1785; x_wconf 87' lang='lat' dir='ltr'>detestanda</span> <span class='ocrx_word' id='word_1_83' title='bbox 427 1726 555 1800; x_wconf 90' lang='lat' dir='ltr'>siugulis.</span> <span class='ocrx_word' id='word_1_84' title='bbox 852 1744 905 1800; x_wconf 89' lang='lat' dir='ltr'>per</span> <span class='ocrx_word' id='word_1_85' title='bbox 924 1732 1042 1786; x_wconf 88' lang='lat' dir='ltr'>aeterua</span> <span class='ocrx_word' id='word_1_86' title='bbox 1063 1727 1187 1787; x_wconf 85' lang='lat' dir='ltr'>saecula.</span> 
     </span>
    </p>
   </div>
   <div class='ocr_carea' id='block_1_5' title="bbox 210 1839 1086 1910">
    <p class='ocr_par' dir='ltr' id='par_1_5' title="bbox 210 1839 1086 1910">
     <span class='ocr_line' id='line_1_16' title="bbox 210 1839 1086 1910; baseline 0.001 -17"><span class='ocrx_word' id='word_1_87' title='bbox 210 1845 287 1897; x_wconf 77' lang='lat' dir='ltr'>arev.</span> <span class='ocrx_word' id='word_1_88' title='bbox 306 1843 536 1908; x_wconf 81' lang='lat' dir='ltr'>Calagurritauum</span> <span class='ocrx_word' id='word_1_89' title='bbox 555 1848 582 1893; x_wconf 89' lang='lat' dir='ltr'>et</span> <span class='ocrx_word' id='word_1_90' title='bbox 600 1843 765 1895; x_wconf 86' lang='lat' dir='ltr'>Calciatenae</span> <span class='ocrx_word' id='word_1_91' title='bbox 784 1846 846 1910; x_wconf 86' lang='lat' dir='ltr'>imp.</span> <span class='ocrx_word' id='word_1_92' title='bbox 864 1845 991 1893; x_wconf 88' lang='lat' dir='ltr'>Lucronii</span> <span class='ocrx_word' id='word_1_93' title='bbox 1013 1839 1086 1894; x_wconf 79' lang='lat'>1543.</span> 
     </span>
    </p>
   </div>
   <div class='ocr_carea' id='block_1_6' title="bbox 440 2076 1016 2136">
    <p class='ocr_par' dir='ltr' id='par_1_6' title="bbox 440 2076 1016 2136">
     <span class='ocr_line' id='line_1_17' title="bbox 440 2076 1016 2136; baseline -0.002 -1"><span class='ocrx_word' id='word_1_94' title='bbox 440 2079 482 2135; x_wconf 82' lang='lat'>23.</span> <span class='ocrx_word' id='word_1_95' title='bbox 517 2078 548 2134; x_wconf 92' lang='lat' dir='ltr'>ln</span> <span class='ocrx_word' id='word_1_96' title='bbox 568 2076 749 2136; x_wconf 78' lang='lat' dir='ltr'>dedicatione</span> <span class='ocrx_word' id='word_1_97' title='bbox 767 2076 847 2135; x_wconf 89' lang='lat' dir='ltr'>urhis</span> <span class='ocrx_word' id='word_1_98' title='bbox 865 2078 1016 2134; x_wconf 76' lang='lat' dir='ltr'>Gradatae.</span> 
     </span>
    </p>
   </div>
   <div class='ocr_carea' id='block_1_7' title="bbox 638 2214 822 2283">
    <p class='ocr_par' dir='ltr' id='par_1_7' title="bbox 638 2214 822 2283">
     <span class='ocr_line' id='line_1_18' title="bbox 638 2214 822 2283; baseline -0.005 -15"><span class='ocrx_word' id='word_1_99' title='bbox 638 2215 669 2268; x_wconf 93' lang='lat' dir='ltr'>lu</span> <span class='ocrx_word' id='word_1_100' title='bbox 687 2214 822 2283; x_wconf 88' lang='lat' dir='ltr'>Vesperis.</span> 
     </span>
    </p>
   </div>
   <div class='ocr_carea' id='block_1_8' title="bbox 143 2354 1253 2846">
    <p class='ocr_par' dir='ltr' id='par_1_8' title="bbox 143 2354 1253 2846">
     <span class='ocr_line' id='line_1_19' title="bbox 143 2354 1184 2430; baseline -0.006 -13"><span class='ocrx_word' id='word_1_101' title='bbox 143 2357 172 2417; x_wconf 94' lang='lat' dir='ltr'>l.</span> <span class='ocrx_word' id='word_1_102' title='bbox 196 2358 302 2429; x_wconf 82' lang='lat' dir='ltr'>Pange,</span> <span class='ocrx_word' id='word_1_103' title='bbox 325 2357 433 2430; x_wconf 89' lang='lat' dir='ltr'>lingua,</span> <span class='ocrx_word' id='word_1_104' title='bbox 458 2373 527 2414; x_wconf 88' lang='lat' dir='ltr'>voce</span> <span class='ocrx_word' id='word_1_105' title='bbox 548 2357 608 2415; x_wconf 88' lang='lat' dir='ltr'>altu</span> <span class='ocrx_word' id='word_1_106' title='bbox 757 2358 786 2416; x_wconf 83' lang='lat'>3.</span> <span class='ocrx_word' id='word_1_107' title='bbox 810 2357 1001 2415; x_wconf 83' lang='lat' dir='ltr'>Personarum</span> <span class='ocrx_word' id='word_1_108' title='bbox 1025 2354 1184 2412; x_wconf 84' lang='lat' dir='ltr'>trinitatem</span> 
     </span>
     <span class='ocr_line' id='line_1_20' title="bbox 235 2439 1129 2518; baseline -0.003 -19"><span class='ocrx_word' id='word_1_109' title='bbox 235 2442 386 2514; x_wconf 85' lang='lat' dir='ltr'>Triumphi</span> <span class='ocrx_word' id='word_1_110' title='bbox 409 2443 603 2518; x_wconf 89' lang='lat' dir='ltr'>praeconium,</span> <span class='ocrx_word' id='word_1_111' title='bbox 851 2439 1003 2498; x_wconf 88' lang='lat' dir='ltr'>Diffitetur</span> <span class='ocrx_word' id='word_1_112' title='bbox 1025 2440 1129 2512; x_wconf 88' lang='lat' dir='ltr'>impius</span> 
     </span>
     <span class='ocr_line' id='line_1_21' title="bbox 192 2525 1253 2600; baseline 0 -17"><span class='ocrx_word' id='word_1_113' title='bbox 192 2526 307 2585; x_wconf 90' lang='lat' dir='ltr'>Laudes</span> <span class='ocrx_word' id='word_1_114' title='bbox 326 2527 388 2585; x_wconf 87' lang='lat' dir='ltr'>Dec</span> <span class='ocrx_word' id='word_1_115' title='bbox 411 2543 526 2600; x_wconf 91' lang='lat' dir='ltr'>semper</span> <span class='ocrx_word' id='word_1_116' title='bbox 548 2533 633 2585; x_wconf 89' lang='lat' dir='ltr'>canta</span> <span class='ocrx_word' id='word_1_117' title='bbox 808 2527 848 2584; x_wconf 85' lang='lat' dir='ltr'>Et</span> <span class='ocrx_word' id='word_1_118' title='bbox 870 2526 1025 2598; x_wconf 89' lang='lat' dir='ltr'>sumpsisse</span> <span class='ocrx_word' id='word_1_119' title='bbox 1048 2525 1253 2584; x_wconf 85' lang='lat' dir='ltr'>humanitatem</span> 
     </span>
     <span class='ocr_line' id='line_1_22' title="bbox 235 2611 1186 2683; baseline -0.001 -14"><span class='ocrx_word' id='word_1_120' title='bbox 235 2611 382 2670; x_wconf 89' lang='lat' dir='ltr'>Conditori</span> <span class='ocrx_word' id='word_1_121' title='bbox 405 2613 538 2682; x_wconf 92' lang='lat' dir='ltr'>omnium,</span> <span class='ocrx_word' id='word_1_122' title='bbox 850 2611 942 2668; x_wconf 90' lang='lat' dir='ltr'>Deum</span> <span class='ocrx_word' id='word_1_123' title='bbox 965 2617 1050 2683; x_wconf 89' lang='lat' dir='ltr'>negat</span> <span class='ocrx_word' id='word_1_124' title='bbox 1071 2611 1186 2683; x_wconf 91' lang='lat' dir='ltr'>inscius,</span> 
     </span>
     <span class='ocr_line' id='line_1_23' title="bbox 191 2694 1148 2768; baseline 0 -15"><span class='ocrx_word' id='word_1_125' title='bbox 191 2696 245 2768; x_wconf 81' lang='lat' dir='ltr'>Qui</span> <span class='ocrx_word' id='word_1_126' title='bbox 267 2697 392 2754; x_wconf 89' lang='lat' dir='ltr'>edomita</span> <span class='ocrx_word' id='word_1_127' title='bbox 413 2696 542 2755; x_wconf 84' lang='lat' dir='ltr'>Grauata</span> <span class='ocrx_word' id='word_1_128' title='bbox 808 2696 897 2754; x_wconf 89' lang='lat' dir='ltr'>Tollit</span> <span class='ocrx_word' id='word_1_129' title='bbox 921 2694 989 2753; x_wconf 89' lang='lat' dir='ltr'>fidei</span> <span class='ocrx_word' id='word_1_130' title='bbox 1012 2697 1148 2768; x_wconf 88' lang='lat' dir='ltr'>pietatem</span> 
     </span>
     <span class='ocr_line' id='line_1_24' title="bbox 237 2781 1180 2846; baseline 0.002 -8"><span class='ocrx_word' id='word_1_131' title='bbox 237 2781 327 2839; x_wconf 90' lang='lat' dir='ltr'>Bellis</span> <span class='ocrx_word' id='word_1_132' title='bbox 349 2781 429 2840; x_wconf 84' lang='lat' dir='ltr'>dedit</span> <span class='ocrx_word' id='word_1_133' title='bbox 451 2782 599 2846; x_wconf 85' lang='lat' dir='ltr'>somnium.</span> <span class='ocrx_word' id='word_1_134' title='bbox 850 2781 951 2839; x_wconf 89' lang='lat' dir='ltr'>Multis</span> <span class='ocrx_word' id='word_1_135' title='bbox 971 2782 1036 2839; x_wconf 89' lang='lat' dir='ltr'>aliis</span> <span class='ocrx_word' id='word_1_136' title='bbox 1060 2782 1180 2840; x_wconf 89' lang='lat' dir='ltr'>nescius.</span> 
     </span>
    </p>
   </div>
   <div class='ocr_carea' id='block_1_9' title="bbox 141 2899 1277 3398">
    <p class='ocr_par' dir='ltr' id='par_1_9' title="bbox 141 2899 1277 3398">
     <span class='ocr_line' id='line_1_25' title="bbox 141 2899 1277 2974; baseline -0.003 -14"><span class='ocrx_word' id='word_1_137' title='bbox 141 2903 170 2960; x_wconf 85' lang='lat'>2.</span> <span class='ocrx_word' id='word_1_138' title='bbox 195 2900 283 2958; x_wconf 89' lang='lat' dir='ltr'>Dedit</span> <span class='ocrx_word' id='word_1_139' title='bbox 306 2901 413 2974; x_wconf 88' lang='lat' dir='ltr'>quippe</span> <span class='ocrx_word' id='word_1_140' title='bbox 435 2917 535 2973; x_wconf 87' lang='lat' dir='ltr'>pacem</span> <span class='ocrx_word' id='word_1_141' title='bbox 556 2901 670 2973; x_wconf 89' lang='lat' dir='ltr'>plenam</span> <span class='ocrx_word' id='word_1_142' title='bbox 756 2904 785 2962; x_wconf 87' lang='lat'>4.</span> <span class='ocrx_word' id='word_1_143' title='bbox 808 2899 900 2958; x_wconf 88' lang='lat' dir='ltr'>Deum</span> <span class='ocrx_word' id='word_1_144' title='bbox 923 2906 1033 2972; x_wconf 89' lang='lat' dir='ltr'>putrem</span> <span class='ocrx_word' id='word_1_145' title='bbox 1056 2917 1107 2958; x_wconf 89' lang='lat' dir='ltr'>nos</span> <span class='ocrx_word' id='word_1_146' title='bbox 1129 2899 1277 2958; x_wconf 89' lang='lat' dir='ltr'>laudemus</span> 
     </span>
     <span class='ocr_line' id='line_1_26' title="bbox 237 2985 1261 3060; baseline -0.001 -17"><span class='ocrx_word' id='word_1_147' title='bbox 237 2986 352 3058; x_wconf 88' lang='lat' dir='ltr'>Populis</span> <span class='ocrx_word' id='word_1_148' title='bbox 375 2986 542 3058; x_wconf 89' lang='lat' dir='ltr'>Hispaniae,</span> <span class='ocrx_word' id='word_1_149' title='bbox 851 2987 946 3058; x_wconf 82' lang='lat' dir='ltr'>Atque</span> <span class='ocrx_word' id='word_1_150' title='bbox 968 2993 1097 3043; x_wconf 89' lang='lat' dir='ltr'>sanctum</span> <span class='ocrx_word' id='word_1_151' title='bbox 1118 2985 1261 3060; x_wconf 88' lang='lat' dir='ltr'>spiritum,</span> 
     </span>
     <span class='ocr_line' id='line_1_27' title="bbox 192 3070 1243 3143; baseline -0.001 -14"><span class='ocrx_word' id='word_1_152' title='bbox 192 3070 282 3129; x_wconf 87' lang='lat' dir='ltr'>Dedit</span> <span class='ocrx_word' id='word_1_153' title='bbox 301 3077 394 3129; x_wconf 89' lang='lat' dir='ltr'>autem</span> <span class='ocrx_word' id='word_1_154' title='bbox 417 3071 521 3129; x_wconf 89' lang='lat' dir='ltr'>malam</span> <span class='ocrx_word' id='word_1_155' title='bbox 545 3087 661 3130; x_wconf 89' lang='lat' dir='ltr'>coenum</span> <span class='ocrx_word' id='word_1_156' title='bbox 809 3071 932 3128; x_wconf 89' lang='lat' dir='ltr'>Verbum</span> <span class='ocrx_word' id='word_1_157' title='bbox 957 3087 1068 3143; x_wconf 87' lang='lat' dir='ltr'>quoque</span> <span class='ocrx_word' id='word_1_158' title='bbox 1090 3070 1243 3128; x_wconf 87' lang='lat' dir='ltr'>adoremus</span> 
     </span>
     <span class='ocr_line' id='line_1_28' title="bbox 235 3156 1192 3232; baseline -0.002 -18"><span class='ocrx_word' id='word_1_159' title='bbox 235 3157 394 3215; x_wconf 90' lang='lat' dir='ltr'>Mahnmeti</span> <span class='ocrx_word' id='word_1_160' title='bbox 415 3157 553 3229; x_wconf 88' lang='lat' dir='ltr'>insaniae,</span> <span class='ocrx_word' id='word_1_161' title='bbox 850 3156 943 3215; x_wconf 82' lang='lat' dir='ltr'>Venae</span> <span class='ocrx_word' id='word_1_162' title='bbox 965 3157 1045 3214; x_wconf 82' lang='lat' dir='ltr'>carni</span> <span class='ocrx_word' id='word_1_163' title='bbox 1066 3156 1192 3232; x_wconf 88' lang='lat' dir='ltr'>insitum,</span> 
     </span>
     <span class='ocr_line' id='line_1_29' title="bbox 192 3241 1181 3316; baseline -0.001 -17"><span class='ocrx_word' id='word_1_164' title='bbox 192 3243 246 3316; x_wconf 84' lang='lat' dir='ltr'>Qui</span> <span class='ocrx_word' id='word_1_165' title='bbox 267 3242 359 3300; x_wconf 88' lang='lat' dir='ltr'>illusit</span> <span class='ocrx_word' id='word_1_166' title='bbox 382 3242 569 3301; x_wconf 74' lang='lat' dir='ltr'>sarracenam</span> <span class='ocrx_word' id='word_1_167' title='bbox 806 3242 846 3301; x_wconf 87' lang='lat' dir='ltr'>Et</span> <span class='ocrx_word' id='word_1_168' title='bbox 867 3249 979 3300; x_wconf 88' lang='lat' dir='ltr'>uterum</span> <span class='ocrx_word' id='word_1_169' title='bbox 1001 3241 1181 3316; x_wconf 89' lang='lat' dir='ltr'>honoremus,</span> 
     </span>
     <span class='ocr_line' id='line_1_30' title="bbox 236 3325 1237 3398; baseline 0.002 -12"><span class='ocrx_word' id='word_1_170' title='bbox 236 3328 358 3386; x_wconf 86' lang='lat' dir='ltr'>Gentem</span> <span class='ocrx_word' id='word_1_171' title='bbox 380 3334 410 3385; x_wconf 87' lang='lat' dir='ltr'>et</span> <span class='ocrx_word' id='word_1_172' title='bbox 431 3328 567 3388; x_wconf 78' lang='lat' dir='ltr'>Arabiae,</span> <span class='ocrx_word' id='word_1_173' title='bbox 850 3327 912 3398; x_wconf 80' lang='lat' dir='ltr'>Quo</span> <span class='ocrx_word' id='word_1_174' title='bbox 935 3325 989 3385; x_wconf 89' lang='lat' dir='ltr'>iuit</span> <span class='ocrx_word' id='word_1_175' title='bbox 1011 3326 1094 3385; x_wconf 91' lang='lat' dir='ltr'>nobis</span> <span class='ocrx_word' id='word_1_176' title='bbox 1117 3326 1237 3388; x_wconf 88' lang='lat' dir='ltr'>editum.</span> 
     </span>
    </p>
   </div>
   <div class='ocr_carea' id='block_1_10' title="bbox 139 3443 1317 3649">
    <p class='ocr_par' dir='ltr' id='par_1_10' title="bbox 139 3443 1317 3649">
     <span class='ocr_line' id='line_1_31' title="bbox 207 3443 1317 3510; baseline -0.001 -15"><span class='ocrx_word' id='word_1_177' title='bbox 207 3445 282 3495; x_wconf 81' lang='lat' dir='ltr'>offic.</span> <span class='ocrx_word' id='word_1_178' title='bbox 300 3461 348 3495; x_wconf 86' lang='lat' dir='ltr'>ms.</span> <span class='ocrx_word' id='word_1_179' title='bbox 366 3446 530 3497; x_wconf 86' lang='lat' dir='ltr'>Grauatense</span> <span class='ocrx_word' id='word_1_180' title='bbox 548 3462 616 3496; x_wconf 87' lang='lat' dir='ltr'>saec.</span> <span class='ocrx_word' id='word_1_181' title='bbox 637 3443 676 3497; x_wconf 90' lang='lat'>15.</span> <span class='ocrx_word' id='word_1_182' title='bbox 696 3462 735 3496; x_wconf 88' lang='lat' dir='ltr'>ex.</span> <span class='ocrx_word' id='word_1_183' title='bbox 754 3445 817 3496; x_wconf 73' lang='lat' dir='ltr'>(iod.</span> <span class='ocrx_word' id='word_1_184' title='bbox 835 3446 921 3510; x_wconf 73' lang='lat' dir='ltr'>Capit„</span> <span class='ocrx_word' id='word_1_185' title='bbox 934 3444 1140 3510; x_wconf 76' lang='lat' dir='ltr'>compostellani</span> <span class='ocrx_word' id='word_1_186' title='bbox 1158 3461 1180 3494; x_wconf 88' lang='lat' dir='ltr'>s.</span> <span class='ocrx_word' id='word_1_187' title='bbox 1198 3461 1223 3494; x_wconf 82' lang='lat' dir='ltr'>nn</span> <span class='ocrx_word' id='word_1_188' title='bbox 1238 3444 1270 3495; x_wconf 82' lang='grc' dir='ltr'>Α.</span> <span class='ocrx_word' id='word_1_189' title='bbox 1283 3471 1317 3479; x_wconf 96' lang='grc'>-</span> 
     </span>
     <span class='ocr_line' id='line_1_32' title="bbox 139 3510 1316 3579; baseline -0.003 -14"><span class='ocrx_word' id='word_1_190' title='bbox 139 3516 214 3565; x_wconf 87' lang='lat' dir='ltr'>Brev.</span> <span class='ocrx_word' id='word_1_191' title='bbox 230 3515 392 3565; x_wconf 84' lang='lat' dir='ltr'>Gramatense</span> <span class='ocrx_word' id='word_1_192' title='bbox 413 3516 475 3579; x_wconf 90' lang='lat' dir='ltr'>imp.</span> <span class='ocrx_word' id='word_1_193' title='bbox 488 3516 620 3566; x_wconf 84' lang='lat' dir='ltr'>Gramatae</span> <span class='ocrx_word' id='word_1_194' title='bbox 640 3512 715 3565; x_wconf 82' lang='lat'>1544.</span> <span class='ocrx_word' id='word_1_195' title='bbox 727 3515 756 3564; x_wconf 93' lang='lat' dir='ltr'>B.</span> <span class='ocrx_word' id='word_1_196' title='bbox 769 3540 800 3549; x_wconf 95' lang='lat'><em>-</em></span> <span class='ocrx_word' id='word_1_197' title='bbox 814 3511 837 3576; x_wconf 89' lang='grc'>2,</span> <span class='ocrx_word' id='word_1_198' title='bbox 856 3510 873 3564; x_wconf 91' lang='grc'><strong>3</strong></span> <span class='ocrx_word' id='word_1_199' title='bbox 886 3514 1045 3578; x_wconf 87' lang='lat' dir='ltr'>Terramque</span> <span class='ocrx_word' id='word_1_200' title='bbox 1057 3514 1168 3564; x_wconf 85' lang='lat' dir='ltr'>abstulit</span> <span class='ocrx_word' id='word_1_201' title='bbox 1179 3528 1316 3564; x_wconf 87' lang='lat' dir='ltr'>amoenum</span> 
     </span>
     <span class='ocr_line' id='line_1_33' title="bbox 139 3583 599 3649; baseline 0.004 -17"><span class='ocrx_word' id='word_1_202' title='bbox 139 3584 168 3644; x_wconf 92' lang='lat' dir='ltr'>B,</span> <span class='ocrx_word' id='word_1_203' title='bbox 188 3583 305 3633; x_wconf 84' lang='lat' dir='ltr'>otienbar</span> <span class='ocrx_word' id='word_1_204' title='bbox 322 3585 426 3649; x_wconf 79' lang='lat' dir='ltr'>spintere</span> <span class='ocrx_word' id='word_1_205' title='bbox 444 3583 599 3635; x_wconf 84' lang='lat' dir='ltr'>Korrektur.</span> 
     </span>
    </p>
   </div>
   <div class='ocr_carea' id='block_1_11' title="bbox 440 3815 1016 4013">
    <p class='ocr_par' dir='ltr' id='par_1_11' title="bbox 440 3815 1016 4013">
     <span class='ocr_line' id='line_1_34' title="bbox 440 3815 1016 3875; baseline 0.002 -2"><span class='ocrx_word' id='word_1_206' title='bbox 440 3817 484 3873; x_wconf 75' lang='lat'>24.</span> <span class='ocrx_word' id='word_1_207' title='bbox 519 3817 550 3874; x_wconf 90' lang='lat' dir='ltr'>lu</span> <span class='ocrx_word' id='word_1_208' title='bbox 569 3816 749 3875; x_wconf 82' lang='lat' dir='ltr'>dedicatione</span> <span class='ocrx_word' id='word_1_209' title='bbox 767 3815 847 3874; x_wconf 84' lang='lat' dir='ltr'>urhis</span> <span class='ocrx_word' id='word_1_210' title='bbox 865 3816 1016 3875; x_wconf 70' lang='lat' dir='ltr'>dramatum</span> 
     </span>
     <span class='ocr_line' id='line_1_35' title="bbox 609 3957 841 4013; baseline -0.004 -2"><span class='ocrx_word' id='word_1_211' title='bbox 609 3957 652 4011; x_wconf 84' lang='lat' dir='ltr'>Ad</span> <span class='ocrx_word' id='word_1_212' title='bbox 670 3957 841 4013; x_wconf 87' lang='lat' dir='ltr'>Nocturnum.</span> 
     </span>
    </p>
   </div>
   <div class='ocr_carea' id='block_1_12' title="bbox 428 4098 1088 4430">
    <p class='ocr_par' dir='ltr' id='par_1_12' title="bbox 428 4098 1088 4348">
     <span class='ocr_line' id='line_1_36' title="bbox 428 4098 1077 4174; baseline 0.005 -17"><span class='ocrx_word' id='word_1_213' title='bbox 428 4100 457 4159; x_wconf 91' lang='lat'>1.</span> <span class='ocrx_word' id='word_1_214' title='bbox 480 4098 576 4157; x_wconf 88' lang='lat' dir='ltr'>Sacris</span> <span class='ocrx_word' id='word_1_215' title='bbox 596 4099 741 4157; x_wconf 88' lang='lat' dir='ltr'>solemniis</span> <span class='ocrx_word' id='word_1_216' title='bbox 761 4102 861 4172; x_wconf 81' lang='lat' dir='ltr'>juncta</span> <span class='ocrx_word' id='word_1_217' title='bbox 883 4101 941 4158; x_wconf 91' lang='lat' dir='ltr'>sint</span> <span class='ocrx_word' id='word_1_218' title='bbox 963 4100 1077 4174; x_wconf 88' lang='lat' dir='ltr'>gaudia,</span> 
     </span>
     <span class='ocr_line' id='line_1_37' title="bbox 481 4184 1088 4259; baseline 0.007 -19"><span class='ocrx_word' id='word_1_219' title='bbox 481 4184 520 4241; x_wconf 88' lang='lat' dir='ltr'>Et</span> <span class='ocrx_word' id='word_1_220' title='bbox 542 4201 577 4242; x_wconf 82' lang='lat' dir='ltr'>ex</span> <span class='ocrx_word' id='word_1_221' title='bbox 600 4186 779 4257; x_wconf 88' lang='lat' dir='ltr'>praecordiis</span> <span class='ocrx_word' id='word_1_222' title='bbox 801 4193 902 4245; x_wconf 83' lang='lat' dir='ltr'>sonent</span> <span class='ocrx_word' id='word_1_223' title='bbox 925 4187 1088 4259; x_wconf 87' lang='lat' dir='ltr'>praeconia,</span> 
     </span>
     <span class='ocr_line' id='line_1_38' title="bbox 479 4270 1060 4348; baseline 0.005 -21"><span class='ocrx_word' id='word_1_224' title='bbox 479 4270 626 4328; x_wconf 85' lang='lat' dir='ltr'>Recedant</span> <span class='ocrx_word' id='word_1_225' title='bbox 648 4276 756 4342; x_wconf 84' lang='lat' dir='ltr'>vetera,</span> <span class='ocrx_word' id='word_1_226' title='bbox 780 4289 853 4330; x_wconf 83' lang='lat' dir='ltr'>nova</span> <span class='ocrx_word' id='word_1_227' title='bbox 874 4272 933 4330; x_wconf 92' lang='lat' dir='ltr'>sint</span> <span class='ocrx_word' id='word_1_228' title='bbox 955 4273 1060 4348; x_wconf 88' lang='lat' dir='ltr'>omnia,</span> 
     </span>
    </p>

    <p class='ocr_par' dir='ltr' id='par_1_13' title="bbox 521 4355 903 4430">
     <span class='ocr_line' id='line_1_39' title="bbox 521 4355 903 4430; baseline 0.013 -16"><span class='ocrx_word' id='word_1_229' title='bbox 521 4355 625 4429; x_wconf 85' lang='lat' dir='ltr'>Corda,</span> <span class='ocrx_word' id='word_1_230' title='bbox 648 4373 732 4415; x_wconf 90' lang='lat' dir='ltr'>voces</span> <span class='ocrx_word' id='word_1_231' title='bbox 755 4363 785 4415; x_wconf 88' lang='lat' dir='ltr'>et</span> <span class='ocrx_word' id='word_1_232' title='bbox 806 4373 903 4430; x_wconf 85' lang='lat' dir='ltr'>opera.</span> 
     </span>
    </p>
   </div>
   <div class='ocr_carea' id='block_1_13' title="bbox 0 0 1464 4868">
    <p class='ocr_par' dir='ltr' id='par_1_14' title="bbox 0 0 1464 4868">
     <span class='ocr_line' id='line_1_40' title="bbox 0 0 1464 4868; baseline 0 4"><span class='ocrx_word' id='word_1_233' title='bbox 0 0 1464 4868; x_wconf 95' lang='lat' dir='ltr'> </span> 
     </span>
    </p>
   </div>
  </div>
 </body>
</html>
