<?xml version="1.0" encoding="UTF-8"?>
<!DOCTYPE html PUBLIC "-//W3C//DTD XHTML 1.0 Transitional//EN"
    "http://www.w3.org/TR/xhtml1/DTD/xhtml1-transitional.dtd">
<html xmlns="http://www.w3.org/1999/xhtml" xml:lang="en" lang="en">
 <head>
  <title>
</title>
<meta http-equiv="Content-Type" content="text/html;charset=utf-8" />
  <meta name='ocr-system' content='tesseract 3.04.00' />
  <meta name='ocr-capabilities' content='ocr_page ocr_carea ocr_par ocr_line ocrx_word'/>
</head>
<body>
  <div class='ocr_page' id='page_1' title='image "./hymnodiahiberic00drevgoog_0247.png"; bbox 0 0 2918 4868; ppageno 0'>
   <div class='ocr_carea' id='block_1_1' title="bbox 646 275 879 353">
    <p class='ocr_par' dir='ltr' id='par_1_1' title="bbox 646 275 879 353">
     <span class='ocr_line' id='line_1_1' title="bbox 646 275 879 353; baseline 0 -34"><span class='ocrx_word' id='word_1_1' title='bbox 646 275 879 353; x_wconf 76' lang='lat'><strong>-240..</strong></span> 
     </span>
    </p>
   </div>
   <div class='ocr_carea' id='block_1_2' title="bbox 174 448 1242 778">
    <p class='ocr_par' dir='ltr' id='par_1_2' title="bbox 174 448 1242 778">
     <span class='ocr_line' id='line_1_2' title="bbox 174 448 1235 521; baseline -0.002 -14"><span class='ocrx_word' id='word_1_2' title='bbox 174 452 205 510; x_wconf 85' lang='lat'>3.</span> <span class='ocrx_word' id='word_1_3' title='bbox 233 450 371 507; x_wconf 81' lang='lat' dir='ltr'>Coronam</span> <span class='ocrx_word' id='word_1_4' title='bbox 396 448 581 521; x_wconf 86' lang='lat' dir='ltr'>vigilantibus</span> <span class='ocrx_word' id='word_1_5' title='bbox 794 454 821 509; x_wconf 85' lang='lat'>5.</span> <span class='ocrx_word' id='word_1_6' title='bbox 847 450 936 507; x_wconf 83' lang='lat' dir='ltr'>Ateus</span> <span class='ocrx_word' id='word_1_7' title='bbox 960 448 1107 508; x_wconf 86' lang='lat' dir='ltr'>doctrinae</span> <span class='ocrx_word' id='word_1_8' title='bbox 1130 448 1235 520; x_wconf 89' lang='lat' dir='ltr'>pabulo</span> 
     </span>
     <span class='ocr_line' id='line_1_3' title="bbox 234 532 1242 610; baseline -0.003 -17"><span class='ocrx_word' id='word_1_9' title='bbox 234 534 405 593; x_wconf 82' lang='lat' dir='ltr'><strong>Promissam</strong></span> <span class='ocrx_word' id='word_1_10' title='bbox 429 533 509 592; x_wconf 88' lang='lat' dir='ltr'>novit</span> <span class='ocrx_word' id='word_1_11' title='bbox 529 533 638 610; x_wconf 86' lang='lat' dir='ltr'>intime,</span> <span class='ocrx_word' id='word_1_12' title='bbox 847 538 932 596; x_wconf 87' lang='lat' dir='ltr'>Suum</span> <span class='ocrx_word' id='word_1_13' title='bbox 956 550 1068 608; x_wconf 80' lang='lat' dir='ltr'>gregem</span> <span class='ocrx_word' id='word_1_14' title='bbox 1091 532 1242 610; x_wconf 81' lang='lat' dir='ltr'>salubrius,</span> 
     </span>
     <span class='ocr_line' id='line_1_4' title="bbox 228 617 1211 695; baseline 0 -18"><span class='ocrx_word' id='word_1_15' title='bbox 228 621 318 693; x_wconf 78' lang='lat' dir='ltr'>Quam</span> <span class='ocrx_word' id='word_1_16' title='bbox 340 620 392 677; x_wconf 90' lang='lat' dir='ltr'>das</span> <span class='ocrx_word' id='word_1_17' title='bbox 415 624 443 677; x_wconf 87' lang='lat' dir='ltr'>te</span> <span class='ocrx_word' id='word_1_18' title='bbox 465 617 696 695; x_wconf 79' lang='lat' dir='ltr'>formidantibus,</span> <span class='ocrx_word' id='word_1_19' title='bbox 845 621 935 680; x_wconf 85' lang='lat' dir='ltr'>Recto</span> <span class='ocrx_word' id='word_1_20' title='bbox 958 617 1051 677; x_wconf 87' lang='lat' dir='ltr'>fertur</span> <span class='ocrx_word' id='word_1_21' title='bbox 1073 619 1211 677; x_wconf 87' lang='lat' dir='ltr'>vocabulo</span> 
     </span>
     <span class='ocr_line' id='line_1_5' title="bbox 227 705 1225 778; baseline -0.002 -15"><span class='ocrx_word' id='word_1_22' title='bbox 227 705 363 763; x_wconf 75' lang='lat' dir='ltr'>iterum</span> <span class='ocrx_word' id='word_1_23' title='bbox 387 712 544 764; x_wconf 86' lang='lat' dir='ltr'>ereetor</span> <span class='ocrx_word' id='word_1_24' title='bbox 566 705 717 778; x_wconf 85' lang='lat' dir='ltr'>optime.</span> <span class='ocrx_word' id='word_1_25' title='bbox 844 706 935 764; x_wconf 84' lang='lat' dir='ltr'>Ales</span> <span class='ocrx_word' id='word_1_26' title='bbox 958 705 1037 763; x_wconf 93' lang='lat' dir='ltr'>diei</span> <span class='ocrx_word' id='word_1_27' title='bbox 1060 705 1225 763; x_wconf 87' lang='lat' dir='ltr'>nuntius.</span> 
     </span>
    </p>
   </div>
   <div class='ocr_carea' id='block_1_3' title="bbox 172 857 1280 1188">
    <p class='ocr_par' dir='ltr' id='par_1_3' title="bbox 172 857 1280 1188">
     <span class='ocr_line' id='line_1_6' title="bbox 172 857 1280 933; baseline -0.005 -14"><span class='ocrx_word' id='word_1_28' title='bbox 172 862 201 919; x_wconf 82' lang='lat'>4.</span> <span class='ocrx_word' id='word_1_29' title='bbox 228 859 357 917; x_wconf 84' lang='lat' dir='ltr'>Pastoris</span> <span class='ocrx_word' id='word_1_30' title='bbox 380 859 472 917; x_wconf 87' lang='lat' dir='ltr'>saneti</span> <span class='ocrx_word' id='word_1_31' title='bbox 495 857 629 932; x_wconf 84' lang='lat' dir='ltr'><strong>precibus</strong></span> <span class='ocrx_word' id='word_1_32' title='bbox 792 862 823 919; x_wconf 87' lang='grc'><strong>6.</strong></span> <span class='ocrx_word' id='word_1_33' title='bbox 845 858 936 917; x_wconf 91' lang='lat' dir='ltr'>Trino</span> <span class='ocrx_word' id='word_1_34' title='bbox 955 859 993 916; x_wconf 86' lang='lat' dir='ltr'>sit</span> <span class='ocrx_word' id='word_1_35' title='bbox 1013 859 1076 916; x_wconf 89' lang='lat' dir='ltr'>laus</span> <span class='ocrx_word' id='word_1_36' title='bbox 1097 866 1126 915; x_wconf 89' lang='lat' dir='ltr'>et</span> <span class='ocrx_word' id='word_1_37' title='bbox 1145 858 1280 933; x_wconf 85' lang='lat' dir='ltr'>simplici,</span> 
     </span>
     <span class='ocr_line' id='line_1_7' title="bbox 229 944 1236 1018; baseline 0.002 -17"><span class='ocrx_word' id='word_1_38' title='bbox 229 945 266 1002; x_wconf 84' lang='lat' dir='ltr'>Et</span> <span class='ocrx_word' id='word_1_39' title='bbox 289 945 397 1017; x_wconf 88' lang='lat' dir='ltr'>pietate</span> <span class='ocrx_word' id='word_1_40' title='bbox 419 944 520 1003; x_wconf 86' lang='lat' dir='ltr'>sedule</span> <span class='ocrx_word' id='word_1_41' title='bbox 846 944 956 1018; x_wconf 90' lang='lat' dir='ltr'>Honor,</span> <span class='ocrx_word' id='word_1_42' title='bbox 980 944 1071 1004; x_wconf 86' lang='lat' dir='ltr'>virtus</span> <span class='ocrx_word' id='word_1_43' title='bbox 1094 952 1123 1001; x_wconf 88' lang='lat' dir='ltr'>et</span> <span class='ocrx_word' id='word_1_44' title='bbox 1145 944 1236 1017; x_wconf 86' lang='lat' dir='ltr'>gloria</span> 
     </span>
     <span class='ocr_line' id='line_1_8' title="bbox 228 1027 1182 1103; baseline -0.003 -14"><span class='ocrx_word' id='word_1_45' title='bbox 228 1030 408 1103; x_wconf 86' lang='lat' dir='ltr'>Elongnntur</span> <span class='ocrx_word' id='word_1_46' title='bbox 429 1047 448 1088; x_wconf 89' lang='lat' dir='ltr'>a</span> <span class='ocrx_word' id='word_1_47' title='bbox 471 1029 574 1088; x_wconf 87' lang='lat' dir='ltr'>finibus</span> <span class='ocrx_word' id='word_1_48' title='bbox 845 1030 885 1089; x_wconf 87' lang='lat' dir='ltr'>Et</span> <span class='ocrx_word' id='word_1_49' title='bbox 905 1029 1053 1101; x_wconf 87' lang='lat' dir='ltr'>utriusque</span> <span class='ocrx_word' id='word_1_50' title='bbox 1075 1027 1182 1086; x_wconf 84' lang='lat' dir='ltr'>tlormm</span> 
     </span>
     <span class='ocr_line' id='line_1_9' title="bbox 226 1115 1279 1188; baseline 0.005 -16"><span class='ocrx_word' id='word_1_51' title='bbox 226 1115 324 1188; x_wconf 79' lang='lat' dir='ltr'>Nox,</span> <span class='ocrx_word' id='word_1_52' title='bbox 348 1115 536 1173; x_wconf 79' lang='lat' dir='ltr'><strong>tenebrae</strong></span> <span class='ocrx_word' id='word_1_53' title='bbox 558 1123 592 1172; x_wconf 88' lang='lat' dir='ltr'>et</span> <span class='ocrx_word' id='word_1_54' title='bbox 614 1115 743 1175; x_wconf 88' lang='lat' dir='ltr'>nubila.</span> <span class='ocrx_word' id='word_1_55' title='bbox 850 1116 891 1173; x_wconf 91' lang='lat' dir='ltr'>In</span> <span class='ocrx_word' id='word_1_56' title='bbox 913 1122 1072 1173; x_wconf 87' lang='lat' dir='ltr'>aeterna</span> <span class='ocrx_word' id='word_1_57' title='bbox 1094 1115 1279 1177; x_wconf 89' lang='lat' dir='ltr'>memoria.</span> 
     </span>
    </p>
   </div>
   <div class='ocr_carea' id='block_1_4' title="bbox 243 1247 1117 1315">
    <p class='ocr_par' dir='ltr' id='par_1_4' title="bbox 243 1247 1117 1315">
     <span class='ocr_line' id='line_1_10' title="bbox 243 1247 1117 1315; baseline -0.002 -17"><span class='ocrx_word' id='word_1_58' title='bbox 243 1251 316 1300; x_wconf 82' lang='lat' dir='ltr'>llrev.</span> <span class='ocrx_word' id='word_1_59' title='bbox 338 1267 386 1299; x_wconf 86' lang='lat' dir='ltr'>ms.</span> <span class='ocrx_word' id='word_1_60' title='bbox 405 1251 554 1300; x_wconf 72' lang='lat' dir='ltr'>Oromense</span> <span class='ocrx_word' id='word_1_61' title='bbox 572 1264 640 1301; x_wconf 84' lang='lat' dir='ltr'>saec.</span> <span class='ocrx_word' id='word_1_62' title='bbox 662 1247 700 1300; x_wconf 88' lang='grc'>15.</span> <span class='ocrx_word' id='word_1_63' title='bbox 719 1249 783 1301; x_wconf 85' lang='lat' dir='ltr'>Cod.</span> <span class='ocrx_word' id='word_1_64' title='bbox 803 1249 888 1315; x_wconf 79' lang='lat' dir='ltr'>Capit.</span> <span class='ocrx_word' id='word_1_65' title='bbox 908 1249 1033 1299; x_wconf 77' lang='lat' dir='ltr'>Oromen.</span> <span class='ocrx_word' id='word_1_66' title='bbox 1053 1266 1073 1298; x_wconf 91' lang='lat' dir='ltr'>s.</span> <span class='ocrx_word' id='word_1_67' title='bbox 1092 1265 1117 1297; x_wconf 91' lang='lat' dir='ltr'>n.</span> 
     </span>
    </p>
   </div>
   <div class='ocr_carea' id='block_1_5' title="bbox 533 1498 989 1696">
    <p class='ocr_par' dir='ltr' id='par_1_5' title="bbox 533 1498 989 1696">
     <span class='ocr_line' id='line_1_11' title="bbox 533 1498 989 1560; baseline 0.004 -4"><span class='ocrx_word' id='word_1_68' title='bbox 533 1498 590 1557; x_wconf 85' lang='lat' dir='ltr'>tl8.</span> <span class='ocrx_word' id='word_1_69' title='bbox 629 1499 667 1558; x_wconf 81' lang='lat' dir='ltr'>lte</span> <span class='ocrx_word' id='word_1_70' title='bbox 685 1514 708 1557; x_wconf 88' lang='lat' dir='ltr'>s.</span> <span class='ocrx_word' id='word_1_71' title='bbox 726 1501 811 1559; x_wconf 87' lang='lat' dir='ltr'>Petro</span> <span class='ocrx_word' id='word_1_72' title='bbox 830 1501 989 1560; x_wconf 76' lang='lat' dir='ltr'>tironensi.</span> 
     </span>
     <span class='ocr_line' id='line_1_12' title="bbox 666 1638 842 1696; baseline 0 -3"><span class='ocrx_word' id='word_1_73' title='bbox 666 1638 709 1693; x_wconf 83' lang='lat' dir='ltr'>Ad</span> <span class='ocrx_word' id='word_1_74' title='bbox 726 1640 842 1696; x_wconf 82' lang='lat' dir='ltr'>Laudes.</span> 
     </span>
    </p>
   </div>
   <div class='ocr_carea' id='block_1_6' title="bbox 174 1780 1353 2111">
    <p class='ocr_par' dir='ltr' id='par_1_6' title="bbox 174 1780 1353 2111">
     <span class='ocr_line' id='line_1_13' title="bbox 174 1780 1166 1854; baseline -0.001 -14"><span class='ocrx_word' id='word_1_75' title='bbox 174 1782 202 1843; x_wconf 89' lang='lat'>1.</span> <span class='ocrx_word' id='word_1_76' title='bbox 227 1781 293 1840; x_wconf 80' lang='lat' dir='ltr'>Jnnr</span> <span class='ocrx_word' id='word_1_77' title='bbox 315 1780 408 1838; x_wconf 89' lang='lat' dir='ltr'>noetis</span> <span class='ocrx_word' id='word_1_78' title='bbox 430 1780 533 1839; x_wconf 90' lang='lat' dir='ltr'>umbra</span> <span class='ocrx_word' id='word_1_79' title='bbox 553 1781 648 1839; x_wconf 88' lang='lat' dir='ltr'>tenuis</span> <span class='ocrx_word' id='word_1_80' title='bbox 790 1785 820 1844; x_wconf 87' lang='lat'>4.</span> <span class='ocrx_word' id='word_1_81' title='bbox 845 1782 988 1841; x_wconf 81' lang='lat' dir='ltr'>Vexillum</span> <span class='ocrx_word' id='word_1_82' title='bbox 1009 1782 1166 1854; x_wconf 84' lang='lat' dir='ltr'>patientiae</span> 
     </span>
     <span class='ocr_line' id='line_1_14' title="bbox 227 1865 1225 1940; baseline 0.001 -16"><span class='ocrx_word' id='word_1_83' title='bbox 227 1865 293 1924; x_wconf 82' lang='lat' dir='ltr'>blei</span> <span class='ocrx_word' id='word_1_84' title='bbox 315 1866 411 1923; x_wconf 89' lang='lat' dir='ltr'>lumen</span> <span class='ocrx_word' id='word_1_85' title='bbox 433 1872 579 1940; x_wconf 76' lang='lat' dir='ltr'>aggregat,</span> <span class='ocrx_word' id='word_1_86' title='bbox 844 1871 878 1928; x_wconf 92' lang='lat' dir='ltr'>In</span> <span class='ocrx_word' id='word_1_87' title='bbox 901 1868 989 1926; x_wconf 88' lang='lat' dir='ltr'>eorde</span> <span class='ocrx_word' id='word_1_88' title='bbox 1010 1867 1062 1925; x_wconf 91' lang='lat' dir='ltr'>sed</span> <span class='ocrx_word' id='word_1_89' title='bbox 1085 1868 1225 1926; x_wconf 86' lang='lat' dir='ltr'>encletice</span> 
     </span>
     <span class='ocr_line' id='line_1_15' title="bbox 225 1951 1188 2026; baseline 0.001 -15"><span class='ocrx_word' id='word_1_90' title='bbox 225 1952 295 2011; x_wconf 81' lang='lat' dir='ltr'>&#39;l&#39;am</span> <span class='ocrx_word' id='word_1_91' title='bbox 319 1952 411 2009; x_wconf 88' lang='lat' dir='ltr'>servis</span> <span class='ocrx_word' id='word_1_92' title='bbox 432 1968 516 2025; x_wconf 88' lang='lat' dir='ltr'>quam</span> <span class='ocrx_word' id='word_1_93' title='bbox 539 1952 669 2025; x_wconf 74' lang='lat' dir='ltr'>ingenuis</span> <span class='ocrx_word' id='word_1_94' title='bbox 843 1954 921 2011; x_wconf 85' lang='lat' dir='ltr'>Tulit</span> <span class='ocrx_word' id='word_1_95' title='bbox 944 1951 1007 2011; x_wconf 87' lang='lat' dir='ltr'>lons</span> <span class='ocrx_word' id='word_1_96' title='bbox 1029 1954 1188 2026; x_wconf 86' lang='lat' dir='ltr'>sapientiae</span> 
     </span>
     <span class='ocr_line' id='line_1_16' title="bbox 225 2037 1353 2111; baseline 0.004 -17"><span class='ocrx_word' id='word_1_97' title='bbox 225 2038 374 2095; x_wconf 81' lang='lat' dir='ltr'>Aurora</span> <span class='ocrx_word' id='word_1_98' title='bbox 395 2037 500 2094; x_wconf 88' lang='lat' dir='ltr'>lucis</span> <span class='ocrx_word' id='word_1_99' title='bbox 523 2037 674 2098; x_wconf 81' lang='lat' dir='ltr'>rutilat.</span> <span class='ocrx_word' id='word_1_100' title='bbox 843 2039 894 2097; x_wconf 81' lang='lat' dir='ltr'>Ex</span> <span class='ocrx_word' id='word_1_101' title='bbox 926 2055 1025 2097; x_wconf 89' lang='lat' dir='ltr'>more</span> <span class='ocrx_word' id='word_1_102' title='bbox 1053 2039 1157 2098; x_wconf 84' lang='lat' dir='ltr'>docti</span> <span class='ocrx_word' id='word_1_103' title='bbox 1180 2039 1353 2111; x_wconf 75' lang='lat' dir='ltr'>mystico.</span> 
     </span>
    </p>
   </div>
   <div class='ocr_carea' id='block_1_7' title="bbox 174 2191 1232 2436">
    <p class='ocr_par' dir='ltr' id='par_1_7' title="bbox 174 2191 1232 2436">
     <span class='ocr_line' id='line_1_17' title="bbox 174 2191 1232 2265; baseline -0.001 -14"><span class='ocrx_word' id='word_1_104' title='bbox 174 2194 203 2252; x_wconf 83' lang='lat'>2.</span> <span class='ocrx_word' id='word_1_105' title='bbox 228 2192 305 2251; x_wconf 77' lang='lat' dir='ltr'>Alnri</span> <span class='ocrx_word' id='word_1_106' title='bbox 328 2197 446 2263; x_wconf 83' lang='lat' dir='ltr'>precatu</span> <span class='ocrx_word' id='word_1_107' title='bbox 469 2191 611 2263; x_wconf 89' lang='lat' dir='ltr'>praesulis</span> <span class='ocrx_word' id='word_1_108' title='bbox 791 2196 819 2253; x_wconf 87' lang='lat'>5.</span> <span class='ocrx_word' id='word_1_109' title='bbox 843 2193 970 2265; x_wconf 88' lang='lat' dir='ltr'>Opneum</span> <span class='ocrx_word' id='word_1_110' title='bbox 993 2193 1084 2251; x_wconf 86' lang='lat' dir='ltr'>nostri</span> <span class='ocrx_word' id='word_1_111' title='bbox 1106 2193 1232 2251; x_wconf 86' lang='lat' dir='ltr'>vulneris</span> 
     </span>
     <span class='ocr_line' id='line_1_18' title="bbox 224 2276 1144 2354; baseline -0.004 -16"><span class='ocrx_word' id='word_1_112' title='bbox 224 2277 341 2338; x_wconf 86' lang='lat' dir='ltr'>Peceati</span> <span class='ocrx_word' id='word_1_113' title='bbox 364 2276 397 2335; x_wconf 84' lang='lat' dir='ltr'>fit.</span> <span class='ocrx_word' id='word_1_114' title='bbox 418 2277 591 2354; x_wconf 84' lang='lat' dir='ltr'>peremptio,</span> <span class='ocrx_word' id='word_1_115' title='bbox 843 2279 888 2336; x_wconf 88' lang='lat' dir='ltr'>Pii</span> <span class='ocrx_word' id='word_1_116' title='bbox 911 2279 1035 2351; x_wconf 86' lang='lat' dir='ltr'>pastoris</span> <span class='ocrx_word' id='word_1_117' title='bbox 1057 2293 1144 2350; x_wconf 89' lang='lat' dir='ltr'>opere</span> 
     </span>
     <span class='ocr_line' id='line_1_19' title="bbox 226 2362 1216 2436; baseline -0.001 -16"><span class='ocrx_word' id='word_1_118' title='bbox 226 2362 336 2421; x_wconf 77' lang='lat' dir='ltr'>Noram</span> <span class='ocrx_word' id='word_1_119' title='bbox 363 2362 477 2420; x_wconf 89' lang='lat' dir='ltr'>remitte</span> <span class='ocrx_word' id='word_1_120' title='bbox 500 2363 627 2434; x_wconf 85' lang='lat' dir='ltr'>sceleris,</span> <span class='ocrx_word' id='word_1_121' title='bbox 842 2364 933 2422; x_wconf 89' lang='lat' dir='ltr'>Donis</span> <span class='ocrx_word' id='word_1_122' title='bbox 955 2364 1081 2422; x_wconf 85' lang='lat' dir='ltr'>lueesoat</span> <span class='ocrx_word' id='word_1_123' title='bbox 1103 2362 1216 2436; x_wconf 88' lang='lat' dir='ltr'>superis</span> 
     </span>
    </p>
   </div>
   <div class='ocr_carea' id='block_1_8' title="bbox 222 2447 1324 2521">
    <p class='ocr_par' dir='ltr' id='par_1_8' title="bbox 222 2447 1324 2521">
     <span class='ocr_line' id='line_1_20' title="bbox 222 2447 1324 2521; baseline 0.003 -15"><span class='ocrx_word' id='word_1_124' title='bbox 222 2448 335 2521; x_wconf 79' lang='lat' dir='ltr'>lesu,</span> <span class='ocrx_word' id='word_1_125' title='bbox 359 2447 736 2520; x_wconf 81' lang='lat' dir='ltr'>nostraredemptio.</span> <span class='ocrx_word' id='word_1_126' title='bbox 843 2451 923 2510; x_wconf 88' lang='lat' dir='ltr'>Jam</span> <span class='ocrx_word' id='word_1_127' title='bbox 946 2449 1049 2507; x_wconf 88' lang='lat' dir='ltr'>lueis</span> <span class='ocrx_word' id='word_1_128' title='bbox 1072 2455 1158 2507; x_wconf 88' lang='lat' dir='ltr'>orto</span> <span class='ocrx_word' id='word_1_129' title='bbox 1181 2448 1324 2509; x_wconf 86' lang='lat' dir='ltr'>sidere.</span> 
     </span>
    </p>
   </div>
   <div class='ocr_carea' id='block_1_9' title="bbox 174 2600 1279 2931">
    <p class='ocr_par' dir='ltr' id='par_1_9' title="bbox 174 2600 1279 2931">
     <span class='ocr_line' id='line_1_21' title="bbox 174 2600 1279 2675; baseline -0.004 -12"><span class='ocrx_word' id='word_1_130' title='bbox 174 2606 202 2663; x_wconf 87' lang='grc'>3.</span> <span class='ocrx_word' id='word_1_131' title='bbox 227 2602 300 2659; x_wconf 91' lang='lat' dir='ltr'>Dum</span> <span class='ocrx_word' id='word_1_132' title='bbox 324 2601 441 2660; x_wconf 87' lang='lat' dir='ltr'>Christo</span> <span class='ocrx_word' id='word_1_133' title='bbox 464 2619 515 2660; x_wconf 89' lang='lat' dir='ltr'>nos</span> <span class='ocrx_word' id='word_1_134' title='bbox 536 2600 723 2662; x_wconf 81' lang='lat' dir='ltr'>confoederat</span> <span class='ocrx_word' id='word_1_135' title='bbox 789 2606 818 2664; x_wconf 84' lang='lat' dir='ltr'>ti.</span> <span class='ocrx_word' id='word_1_136' title='bbox 843 2604 932 2662; x_wconf 75' lang='lat' dir='ltr'>&#39;irino</span> <span class='ocrx_word' id='word_1_137' title='bbox 954 2604 1073 2661; x_wconf 86' lang='lat' dir='ltr'>sitlans</span> <span class='ocrx_word' id='word_1_138' title='bbox 1096 2610 1125 2660; x_wconf 89' lang='lat' dir='ltr'>et</span> <span class='ocrx_word' id='word_1_139' title='bbox 1145 2603 1279 2675; x_wconf 86' lang='lat' dir='ltr'>simplici,</span> 
     </span>
     <span class='ocr_line' id='line_1_22' title="bbox 226 2687 1233 2765; baseline 0.003 -21"><span class='ocrx_word' id='word_1_140' title='bbox 226 2687 319 2758; x_wconf 87' lang='lat' dir='ltr'>Hujus</span> <span class='ocrx_word' id='word_1_141' title='bbox 343 2687 400 2743; x_wconf 91' lang='lat' dir='ltr'>diei</span> <span class='ocrx_word' id='word_1_142' title='bbox 423 2688 541 2759; x_wconf 89' lang='lat' dir='ltr'>praevia</span> <span class='ocrx_word' id='word_1_143' title='bbox 843 2692 951 2765; x_wconf 87' lang='lat' dir='ltr'>Honor,</span> <span class='ocrx_word' id='word_1_144' title='bbox 976 2689 1067 2747; x_wconf 88' lang='lat' dir='ltr'>virtus</span> <span class='ocrx_word' id='word_1_145' title='bbox 1090 2696 1119 2746; x_wconf 88' lang='lat' dir='ltr'>et</span> <span class='ocrx_word' id='word_1_146' title='bbox 1141 2688 1233 2762; x_wconf 84' lang='lat' dir='ltr'>gloria</span> 
     </span>
     <span class='ocr_line' id='line_1_23' title="bbox 224 2771 1181 2847; baseline 0 -17"><span class='ocrx_word' id='word_1_147' title='bbox 224 2771 405 2843; x_wconf 87' lang='lat' dir='ltr'>Solemnitas,</span> <span class='ocrx_word' id='word_1_148' title='bbox 428 2773 580 2830; x_wconf 83' lang='lat' dir='ltr'>adnuntiat</span> <span class='ocrx_word' id='word_1_149' title='bbox 843 2775 879 2832; x_wconf 89' lang='lat' dir='ltr'>Et</span> <span class='ocrx_word' id='word_1_150' title='bbox 903 2775 1051 2847; x_wconf 86' lang='lat' dir='ltr'>utriusque</span> <span class='ocrx_word' id='word_1_151' title='bbox 1073 2772 1181 2833; x_wconf 86' lang='lat' dir='ltr'>flamini</span> 
     </span>
     <span class='ocr_line' id='line_1_24' title="bbox 220 2856 1279 2931; baseline 0.006 -16"><span class='ocrx_word' id='word_1_152' title='bbox 220 2857 342 2915; x_wconf 86' lang='lat' dir='ltr'>Beata</span> <span class='ocrx_word' id='word_1_153' title='bbox 364 2856 475 2915; x_wconf 90' lang='lat' dir='ltr'>nobis</span> <span class='ocrx_word' id='word_1_154' title='bbox 498 2859 652 2931; x_wconf 82' lang='lat' dir='ltr'>gaudio.</span> <span class='ocrx_word' id='word_1_155' title='bbox 843 2860 883 2918; x_wconf 92' lang='lat' dir='ltr'>In</span> <span class='ocrx_word' id='word_1_156' title='bbox 906 2866 1067 2918; x_wconf 89' lang='lat' dir='ltr'>aeterna</span> <span class='ocrx_word' id='word_1_157' title='bbox 1089 2859 1279 2921; x_wconf 88' lang='lat' dir='ltr'>memoria.</span> 
     </span>
    </p>
   </div>
   <div class='ocr_carea' id='block_1_10' title="bbox 237 2992 1119 3060">
    <p class='ocr_par' dir='ltr' id='par_1_10' title="bbox 237 2992 1119 3060">
     <span class='ocr_line' id='line_1_25' title="bbox 237 2992 1119 3060; baseline 0.003 -19"><span class='ocrx_word' id='word_1_158' title='bbox 237 2992 315 3041; x_wconf 81' lang='lat' dir='ltr'>Brev.</span> <span class='ocrx_word' id='word_1_159' title='bbox 334 3007 383 3041; x_wconf 89' lang='lat' dir='ltr'>ms.</span> <span class='ocrx_word' id='word_1_160' title='bbox 401 2992 551 3044; x_wconf 75' lang='lat' dir='ltr'>Ozomense</span> <span class='ocrx_word' id='word_1_161' title='bbox 569 3008 637 3044; x_wconf 83' lang='lat' dir='ltr'>saee</span> <span class='ocrx_word' id='word_1_162' title='bbox 658 2992 697 3044; x_wconf 83' lang='lat'>15.</span> <span class='ocrx_word' id='word_1_163' title='bbox 716 2994 781 3043; x_wconf 78' lang='lat' dir='ltr'>tlod.</span> <span class='ocrx_word' id='word_1_164' title='bbox 803 2996 890 3060; x_wconf 77' lang='lat' dir='ltr'>Capit.</span> <span class='ocrx_word' id='word_1_165' title='bbox 908 2995 1035 3045; x_wconf 87' lang='lat' dir='ltr'>Oxomen.</span> <span class='ocrx_word' id='word_1_166' title='bbox 1054 3011 1075 3046; x_wconf 78' lang='lat' dir='ltr'>s.</span> <span class='ocrx_word' id='word_1_167' title='bbox 1094 3011 1119 3044; x_wconf 89' lang='lat' dir='ltr'>n.</span> 
     </span>
    </p>
   </div>
   <div class='ocr_carea' id='block_1_11' title="bbox 576 3228 946 3436">
    <p class='ocr_par' dir='ltr' id='par_1_11' title="bbox 576 3228 946 3436">
     <span class='ocr_line' id='line_1_26' title="bbox 576 3228 946 3287; baseline 0.003 -2"><span class='ocrx_word' id='word_1_168' title='bbox 576 3228 632 3286; x_wconf 84' lang='lat' dir='ltr'>na</span> <span class='ocrx_word' id='word_1_169' title='bbox 671 3228 709 3286; x_wconf 83' lang='lat' dir='ltr'>lle</span> <span class='ocrx_word' id='word_1_170' title='bbox 728 3231 824 3286; x_wconf 82' lang='lat' dir='ltr'>saneta</span> <span class='ocrx_word' id='word_1_171' title='bbox 840 3228 946 3287; x_wconf 86' lang='lat' dir='ltr'>Pontio.</span> 
     </span>
     <span class='ocr_line' id='line_1_27' title="bbox 656 3366 860 3436; baseline -0.005 -15"><span class='ocrx_word' id='word_1_172' title='bbox 656 3367 698 3422; x_wconf 83' lang='lat' dir='ltr'>Ad</span> <span class='ocrx_word' id='word_1_173' title='bbox 718 3366 860 3436; x_wconf 82' lang='lat' dir='ltr'>vesperas.</span> 
     </span>
    </p>
   </div>
   <div class='ocr_carea' id='block_1_12' title="bbox 171 3508 1376 3840">
    <p class='ocr_par' dir='ltr' id='par_1_12' title="bbox 171 3508 1376 3840">
     <span class='ocr_line' id='line_1_28' title="bbox 171 3508 1279 3585; baseline -0.001 -18"><span class='ocrx_word' id='word_1_174' title='bbox 171 3508 198 3567; x_wconf 92' lang='lat'>1.</span> <span class='ocrx_word' id='word_1_175' title='bbox 224 3508 300 3567; x_wconf 82' lang='lat' dir='ltr'>[lore</span> <span class='ocrx_word' id='word_1_176' title='bbox 324 3509 413 3566; x_wconf 86' lang='lat' dir='ltr'>divini</span> <span class='ocrx_word' id='word_1_177' title='bbox 436 3508 555 3568; x_wconf 89' lang='lat' dir='ltr'>balsami</span> <span class='ocrx_word' id='word_1_178' title='bbox 788 3514 817 3572; x_wconf 86' lang='lat'>3.</span> <span class='ocrx_word' id='word_1_179' title='bbox 841 3510 973 3569; x_wconf 89' lang='lat' dir='ltr'>Gliseens</span> <span class='ocrx_word' id='word_1_180' title='bbox 996 3508 1114 3567; x_wconf 86' lang='lat' dir='ltr'>coelesti</span> <span class='ocrx_word' id='word_1_181' title='bbox 1139 3510 1279 3585; x_wconf 85' lang='lat' dir='ltr'>dogmate,</span> 
     </span>
     <span class='ocr_line' id='line_1_29' title="bbox 225 3594 1246 3668; baseline -0.001 -16"><span class='ocrx_word' id='word_1_182' title='bbox 225 3594 328 3652; x_wconf 88' lang='lat' dir='ltr'>Mundi</span> <span class='ocrx_word' id='word_1_183' title='bbox 350 3595 536 3668; x_wconf 84' lang='lat' dir='ltr'>pinguescant</span> <span class='ocrx_word' id='word_1_184' title='bbox 562 3595 676 3653; x_wconf 86' lang='lat' dir='ltr'>tormini</span> <span class='ocrx_word' id='word_1_185' title='bbox 841 3596 978 3668; x_wconf 84' lang='lat' dir='ltr'>Repletus</span> <span class='ocrx_word' id='word_1_186' title='bbox 1001 3611 1084 3653; x_wconf 85' lang='lat' dir='ltr'>sacro</span> <span class='ocrx_word' id='word_1_187' title='bbox 1107 3601 1246 3667; x_wconf 87' lang='lat' dir='ltr'>neumate,</span> 
     </span>
     <span class='ocr_line' id='line_1_30' title="bbox 222 3679 1221 3753; baseline 0 -15"><span class='ocrx_word' id='word_1_188' title='bbox 222 3679 339 3738; x_wconf 84' lang='lat' dir='ltr'>Festive</span> <span class='ocrx_word' id='word_1_189' title='bbox 363 3679 441 3737; x_wconf 87' lang='lat' dir='ltr'>cultu</span> <span class='ocrx_word' id='word_1_190' title='bbox 464 3679 521 3737; x_wconf 89' lang='lat' dir='ltr'>diei</span> <span class='ocrx_word' id='word_1_191' title='bbox 842 3682 939 3739; x_wconf 83' lang='lat' dir='ltr'>Astris</span> <span class='ocrx_word' id='word_1_192' title='bbox 961 3681 1073 3753; x_wconf 81' lang='lat' dir='ltr'>aceepit</span> <span class='ocrx_word' id='word_1_193' title='bbox 1094 3680 1221 3750; x_wconf 88' lang='lat' dir='ltr'>regimen</span> 
     </span>
     <span class='ocr_line' id='line_1_31' title="bbox 222 3756 1376 3840; baseline 0 -16"><span class='ocrx_word' id='word_1_194' title='bbox 222 3765 305 3824; x_wconf 88' lang='lat' dir='ltr'>Beati</span> <span class='ocrx_word' id='word_1_195' title='bbox 328 3765 410 3823; x_wconf 85' lang='lat' dir='ltr'>testis</span> <span class='ocrx_word' id='word_1_196' title='bbox 433 3766 536 3824; x_wconf 88' lang='lat' dir='ltr'>Pontii.</span> <span class='ocrx_word' id='word_1_197' title='bbox 841 3766 967 3838; x_wconf 87' lang='lat' dir='ltr'>Rurique</span> <span class='ocrx_word' id='word_1_198' title='bbox 989 3771 1119 3839; x_wconf 83' lang='lat' dir='ltr'>praestat</span> <span class='ocrx_word' id='word_1_199' title='bbox 1142 3767 1273 3840; x_wconf 89' lang='lat' dir='ltr'>tegimen.</span> <span class='ocrx_word' id='word_1_200' title='bbox 1373 3756 1376 3763; x_wconf 70' lang='grc'><em>’</em></span> 
     </span>
    </p>
   </div>
   <div class='ocr_carea' id='block_1_13' title="bbox 174 3919 1235 4250">
    <p class='ocr_par' dir='ltr' id='par_1_13' title="bbox 174 3919 1235 4250">
     <span class='ocr_line' id='line_1_32' title="bbox 174 3919 1173 3993; baseline -0.001 -15"><span class='ocrx_word' id='word_1_201' title='bbox 174 3920 202 3978; x_wconf 80' lang='lat'>2.</span> <span class='ocrx_word' id='word_1_202' title='bbox 226 3920 273 3978; x_wconf 82' lang='lat' dir='ltr'>Ex</span> <span class='ocrx_word' id='word_1_203' title='bbox 296 3919 368 3976; x_wconf 92' lang='lat' dir='ltr'>urbe</span> <span class='ocrx_word' id='word_1_204' title='bbox 388 3919 500 3992; x_wconf 89' lang='lat' dir='ltr'>pridem</span> <span class='ocrx_word' id='word_1_205' title='bbox 523 3921 644 3980; x_wconf 87' lang='lat' dir='ltr'>Romula</span> <span class='ocrx_word' id='word_1_206' title='bbox 787 3925 816 3981; x_wconf 81' lang='lat'>4.</span> <span class='ocrx_word' id='word_1_207' title='bbox 839 3923 909 3993; x_wconf 88' lang='lat' dir='ltr'>igne</span> <span class='ocrx_word' id='word_1_208' title='bbox 931 3936 1083 3977; x_wconf 83' lang='lat' dir='ltr'>succensus</span> <span class='ocrx_word' id='word_1_209' title='bbox 1106 3919 1173 3979; x_wconf 90' lang='lat' dir='ltr'>tidei</span> 
     </span>
     <span class='ocr_line' id='line_1_33' title="bbox 223 4004 1213 4079; baseline -0.001 -16"><span class='ocrx_word' id='word_1_210' title='bbox 223 4006 293 4063; x_wconf 82' lang='lat' dir='ltr'>Alta</span> <span class='ocrx_word' id='word_1_211' title='bbox 316 4005 423 4063; x_wconf 89' lang='lat' dir='ltr'>dueens</span> <span class='ocrx_word' id='word_1_212' title='bbox 444 4006 581 4079; x_wconf 85' lang='lat' dir='ltr'>presepia</span> <span class='ocrx_word' id='word_1_213' title='bbox 843 4004 1035 4064; x_wconf 84' lang='lat' dir='ltr'>Cormseabat</span> <span class='ocrx_word' id='word_1_214' title='bbox 1058 4005 1213 4075; x_wconf 85' lang='lat' dir='ltr'>miraculis,</span> 
     </span>
     <span class='ocr_line' id='line_1_34' title="bbox 224 4090 1235 4164; baseline 0.001 -17"><span class='ocrx_word' id='word_1_215' title='bbox 224 4090 331 4148; x_wconf 86' lang='lat' dir='ltr'>Lumen</span> <span class='ocrx_word' id='word_1_216' title='bbox 355 4096 468 4150; x_wconf 81' lang='lat' dir='ltr'>secutus</span> <span class='ocrx_word' id='word_1_217' title='bbox 491 4091 626 4151; x_wconf 88' lang='lat' dir='ltr'>luminum</span> <span class='ocrx_word' id='word_1_218' title='bbox 841 4090 976 4149; x_wconf 82' lang='lat' dir='ltr'>Gaudens</span> <span class='ocrx_word' id='word_1_219' title='bbox 1000 4090 1109 4149; x_wconf 86' lang='lat' dir='ltr'>athleta</span> <span class='ocrx_word' id='word_1_220' title='bbox 1131 4090 1235 4164; x_wconf 90' lang='lat' dir='ltr'>spiritu</span> 
     </span>
     <span class='ocr_line' id='line_1_35' title="bbox 224 4175 1187 4250; baseline -0.001 -15"><span class='ocrx_word' id='word_1_221' title='bbox 224 4176 301 4249; x_wconf 84' lang='lat' dir='ltr'>Agni</span> <span class='ocrx_word' id='word_1_222' title='bbox 323 4178 455 4250; x_wconf 85' lang='lat' dir='ltr'>percepit</span> <span class='ocrx_word' id='word_1_223' title='bbox 477 4177 605 4237; x_wconf 89' lang='lat' dir='ltr'>bravium</span> <span class='ocrx_word' id='word_1_224' title='bbox 839 4175 927 4235; x_wconf 89' lang='lat' dir='ltr'>Nullo</span> <span class='ocrx_word' id='word_1_225' title='bbox 949 4176 1048 4234; x_wconf 85' lang='lat' dir='ltr'>mebat</span> <span class='ocrx_word' id='word_1_226' title='bbox 1072 4176 1187 4250; x_wconf 91' lang='lat' dir='ltr'>impetn.</span> 
     </span>
    </p>
   </div>
   <div class='ocr_carea' id='block_1_14' title="bbox 169 4308 1349 4431">
    <p class='ocr_par' dir='ltr' id='par_1_14' title="bbox 169 4308 1349 4431">
     <span class='ocr_line' id='line_1_36' title="bbox 182 4308 1349 4431; baseline 0.003 -73"><span class='ocrx_word' id='word_1_227' title='bbox 182 4384 221 4431; x_wconf 53' lang='lat' dir='ltr'><strong>m</strong></span> <span class='ocrx_word' id='word_1_228' title='bbox 236 4311 312 4429; x_wconf 50' lang='lat' dir='ltr'>{rem</span> <span class='ocrx_word' id='word_1_229' title='bbox 331 4328 378 4360; x_wconf 85' lang='lat' dir='ltr'>ms.</span> <span class='ocrx_word' id='word_1_230' title='bbox 393 4313 553 4363; x_wconf 80' lang='lat' dir='ltr'>Pinuntonso</span> <span class='ocrx_word' id='word_1_231' title='bbox 571 4329 640 4363; x_wconf 83' lang='lat' dir='ltr'>snae.</span> <span class='ocrx_word' id='word_1_232' title='bbox 662 4311 700 4362; x_wconf 84' lang='lat' dir='ltr'>lt.</span> <span class='ocrx_word' id='word_1_233' title='bbox 719 4315 746 4362; x_wconf 91' lang='lat' dir='ltr'>in</span> <span class='ocrx_word' id='word_1_234' title='bbox 760 4311 1012 4362; x_wconf 74' lang='lat' dir='ltr'>Ood.Seorialerr.G</span> <span class='ocrx_word' id='word_1_235' title='bbox 1032 4312 1068 4360; x_wconf 77' lang='lat' dir='ltr'>tv</span> <span class='ocrx_word' id='word_1_236' title='bbox 1088 4308 1128 4361; x_wconf 80' lang='lat'>29.</span> <span class='ocrx_word' id='word_1_237' title='bbox 1149 4340 1179 4346; x_wconf 90' lang='lat'>—</span> <span class='ocrx_word' id='word_1_238' title='bbox 1198 4308 1222 4370; x_wconf 81' lang='lat'>3,</span> <span class='ocrx_word' id='word_1_239' title='bbox 1241 4308 1349 4377; x_wconf 82' lang='lat' dir='ltr'>4prao·</span> 
     </span>
     <span class='ocr_line' id='line_1_37' title="bbox 169 4395 286 4430; baseline -0.017 0"><span class='ocrx_word' id='word_1_240' title='bbox 169 4395 181 4430; x_wconf 84' lang='lat' dir='ltr'>s</span> <span class='ocrx_word' id='word_1_241' title='bbox 266 4396 286 4429; x_wconf 88' lang='lat' dir='ltr'>s.</span> 
     </span>
    </p>
   </div>
   <div class='ocr_carea' id='block_1_15' title="bbox 0 0 1464 4868">
    <p class='ocr_par' dir='ltr' id='par_1_15' title="bbox 0 0 1464 4868">
     <span class='ocr_line' id='line_1_38' title="bbox 0 0 1464 4868; baseline 0 0"><span class='ocrx_word' id='word_1_242' title='bbox 0 0 1464 4868; x_wconf 95' lang='lat' dir='ltr'> </span> 
     </span>
    </p>
   </div>
  </div>
 </body>
</html>
