<?xml version="1.0" encoding="UTF-8"?>
<!DOCTYPE html PUBLIC "-//W3C//DTD XHTML 1.0 Transitional//EN"
    "http://www.w3.org/TR/xhtml1/DTD/xhtml1-transitional.dtd">
<html xmlns="http://www.w3.org/1999/xhtml" xml:lang="en" lang="en">
 <head>
  <title>
</title>
<meta http-equiv="Content-Type" content="text/html;charset=utf-8" />
  <meta name='ocr-system' content='tesseract 3.04.00' />
  <meta name='ocr-capabilities' content='ocr_page ocr_carea ocr_par ocr_line ocrx_word'/>
</head>
<body>
  <div class='ocr_page' id='page_1' title='image "./hymnodiahiberic00drevgoog_0332.png"; bbox 0 0 2918 4868; ppageno 0'>
   <div class='ocr_carea' id='block_1_1' title="bbox 148 469 623 1338">
    <p class='ocr_par' dir='ltr' id='par_1_1' title="bbox 148 469 623 1338">
     <span class='ocr_line' id='line_1_1' title="bbox 148 469 552 550; baseline 0.025 -24"><span class='ocrx_word' id='word_1_1' title='bbox 148 469 183 529; x_wconf 88' lang='lat' dir='ltr'><strong>V.</strong></span> <span class='ocrx_word' id='word_1_2' title='bbox 211 469 298 542; x_wconf 82' lang='lat' dir='ltr'><strong>Virgo</strong></span> <span class='ocrx_word' id='word_1_3' title='bbox 320 475 451 547; x_wconf 80' lang='lat' dir='ltr'><strong>concepit</strong></span> <span class='ocrx_word' id='word_1_4' title='bbox 474 479 552 550; x_wconf 75' lang='lat' dir='ltr'><strong>regia</strong></span> 
     </span>
     <span class='ocr_line' id='line_1_2' title="bbox 250 557 623 643; baseline 0.024 -29"><span class='ocrx_word' id='word_1_5' title='bbox 250 557 297 615; x_wconf 92' lang='lat' dir='ltr'><strong>Ad</strong></span> <span class='ocrx_word' id='word_1_6' title='bbox 320 558 393 618; x_wconf 88' lang='lat' dir='ltr'><strong>hauc</strong></span> <span class='ocrx_word' id='word_1_7' title='bbox 415 561 623 643; x_wconf 90' lang='lat' dir='ltr'><strong>credulitatem,</strong></span> 
     </span>
     <span class='ocr_line' id='line_1_3' title="bbox 208 640 540 720; baseline 0.021 -20"><span class='ocrx_word' id='word_1_8' title='bbox 208 640 248 700; x_wconf 87' lang='lat' dir='ltr'><strong>Ut</strong></span> <span class='ocrx_word' id='word_1_9' title='bbox 271 640 425 705; x_wconf 80' lang='lat' dir='ltr'><strong>fecundata</strong></span> <span class='ocrx_word' id='word_1_10' title='bbox 446 649 540 720; x_wconf 83' lang='lat' dir='ltr'><strong>gratia</strong></span> 
     </span>
     <span class='ocr_line' id='line_1_4' title="bbox 248 729 577 794; baseline 0.021 -9"><span class='ocrx_word' id='word_1_11' title='bbox 248 729 404 789; x_wconf 74' lang='lat' dir='ltr'><strong>Aeternam</strong></span> <span class='ocrx_word' id='word_1_12' title='bbox 427 733 577 794; x_wconf 88' lang='lat' dir='ltr'><strong>veritatem</strong></span> 
     </span>
     <span class='ocr_line' id='line_1_5' title="bbox 248 813 610 882; baseline 0.022 -9"><span class='ocrx_word' id='word_1_13' title='bbox 248 813 296 873; x_wconf 92' lang='lat' dir='ltr'><strong>Ad</strong></span> <span class='ocrx_word' id='word_1_14' title='bbox 318 817 417 876; x_wconf 88' lang='lat' dir='ltr'><strong>mnndi</strong></span> <span class='ocrx_word' id='word_1_15' title='bbox 439 819 610 882; x_wconf 87' lang='lat' dir='ltr'><strong>claritatem.</strong></span> 
     </span>
     <span class='ocr_line' id='line_1_6' title="bbox 154 913 557 993; baseline 0.032 -25"><span class='ocrx_word' id='word_1_16' title='bbox 154 916 181 971; x_wconf 79' lang='lat'><strong>3.</strong></span> <span class='ocrx_word' id='word_1_17' title='bbox 206 913 344 989; x_wconf 75' lang='lat' dir='ltr'><strong>tbncepit</strong></span> <span class='ocrx_word' id='word_1_18' title='bbox 365 918 445 993; x_wconf 76' lang='lat' dir='ltr'><strong>virgo</strong></span> <span class='ocrx_word' id='word_1_19' title='bbox 468 920 557 980; x_wconf 87' lang='lat' dir='ltr'><strong>filium</strong></span> 
     </span>
     <span class='ocr_line' id='line_1_7' title="bbox 247 1000 587 1081; baseline 0.024 -22"><span class='ocrx_word' id='word_1_20' title='bbox 247 1000 364 1075; x_wconf 84' lang='lat' dir='ltr'><strong>Absque</strong></span> <span class='ocrx_word' id='word_1_21' title='bbox 385 1005 446 1065; x_wconf 93' lang='lat' dir='ltr'><strong>ullo</strong></span> <span class='ocrx_word' id='word_1_22' title='bbox 467 1007 587 1081; x_wconf 91' lang='lat' dir='ltr'><strong>pudore,</strong></span> 
     </span>
     <span class='ocr_line' id='line_1_8' title="bbox 203 1085 561 1152; baseline 0.025 -9"><span class='ocrx_word' id='word_1_23' title='bbox 203 1085 420 1148; x_wconf 82' lang='lat' dir='ltr'><strong>Fabricatorem</strong></span> <span class='ocrx_word' id='word_1_24' title='bbox 437 1092 561 1152; x_wconf 92' lang='lat' dir='ltr'><strong>omnium</strong></span> 
     </span>
     <span class='ocr_line' id='line_1_9' title="bbox 246 1171 576 1253; baseline 0.027 -24"><span class='ocrx_word' id='word_1_25' title='bbox 246 1171 364 1246; x_wconf 82' lang='lat' dir='ltr'><strong>Absque</strong></span> <span class='ocrx_word' id='word_1_26' title='bbox 386 1176 446 1234; x_wconf 92' lang='lat' dir='ltr'><strong>ullo</strong></span> <span class='ocrx_word' id='word_1_27' title='bbox 468 1177 576 1253; x_wconf 90' lang='lat' dir='ltr'><strong>labore,</strong></span> 
     </span>
     <span class='ocr_line' id='line_1_10' title="bbox 204 1256 623 1338; baseline 0.026 -25"><span class='ocrx_word' id='word_1_28' title='bbox 204 1257 259 1328; x_wconf 75' lang='lat' dir='ltr'><strong>Qui</strong></span> <span class='ocrx_word' id='word_1_29' title='bbox 281 1256 350 1317; x_wconf 86' lang='lat' dir='ltr'><strong>fecit</strong></span> <span class='ocrx_word' id='word_1_30' title='bbox 370 1261 462 1334; x_wconf 80' lang='lat' dir='ltr'><strong>ipsam</strong></span> <span class='ocrx_word' id='word_1_31' title='bbox 486 1263 623 1338; x_wconf 82' lang='lat' dir='ltr'><strong>virginem</strong></span> 
     </span>
    </p>
   </div>
   <div class='ocr_carea' id='block_1_2' title="bbox 205 1343 702 1508">
    <p class='ocr_par' dir='ltr' id='par_1_2' title="bbox 205 1343 702 1508">
     <span class='ocr_line' id='line_1_11' title="bbox 205 1343 702 1412; baseline 0.022 -10"><span class='ocrx_word' id='word_1_32' title='bbox 205 1343 274 1402; x_wconf 86' lang='lat' dir='ltr'><strong>Post</strong></span> <span class='ocrx_word' id='word_1_33' title='bbox 288 1344 431 1404; x_wconf 82' lang='lat' dir='ltr'><strong>Christum</strong></span> <span class='ocrx_word' id='word_1_34' title='bbox 449 1348 538 1408; x_wconf 83' lang='lat' dir='ltr'><strong>lleum</strong></span> <span class='ocrx_word' id='word_1_35' title='bbox 561 1351 702 1412; x_wconf 91' lang='lat' dir='ltr'><strong>hominem</strong></span> 
     </span>
     <span class='ocr_line' id='line_1_12' title="bbox 248 1428 629 1508; baseline 0.031 -22"><span class='ocrx_word' id='word_1_36' title='bbox 248 1428 321 1488; x_wconf 88' lang='lat' dir='ltr'><strong>Prae</strong></span> <span class='ocrx_word' id='word_1_37' title='bbox 342 1432 472 1492; x_wconf 88' lang='lat' dir='ltr'><strong>omnibns</strong></span> <span class='ocrx_word' id='word_1_38' title='bbox 494 1436 629 1508; x_wconf 86' lang='lat' dir='ltr'><strong>priorem.</strong></span> 
     </span>
    </p>
   </div>
   <div class='ocr_carea' id='block_1_3' title="bbox 141 1511 623 1926">
    <p class='ocr_par' dir='ltr' id='par_1_3' title="bbox 141 1511 623 1926">
     <span class='ocr_line' id='line_1_13' title="bbox 141 1511 609 1596; baseline 0.028 -27"><span class='ocrx_word' id='word_1_39' title='bbox 141 1511 175 1576; x_wconf 86' lang='lat' dir='ltr'><strong>V.</strong></span> <span class='ocrx_word' id='word_1_40' title='bbox 199 1514 274 1572; x_wconf 89' lang='lat' dir='ltr'><strong>lluie</strong></span> <span class='ocrx_word' id='word_1_41' title='bbox 296 1516 375 1575; x_wconf 90' lang='lat' dir='ltr'><strong>nulla</strong></span> <span class='ocrx_word' id='word_1_42' title='bbox 395 1518 476 1594; x_wconf 80' lang='lat' dir='ltr'><strong>virgo</strong></span> <span class='ocrx_word' id='word_1_43' title='bbox 497 1521 609 1596; x_wconf 89' lang='lat' dir='ltr'><strong>similis,</strong></span> 
     </span>
     <span class='ocr_line' id='line_1_14' title="bbox 245 1600 623 1682; baseline 0.021 -21"><span class='ocrx_word' id='word_1_44' title='bbox 245 1600 354 1661; x_wconf 89' lang='lat' dir='ltr'><strong>Munda</strong></span> <span class='ocrx_word' id='word_1_45' title='bbox 376 1602 468 1663; x_wconf 90' lang='lat' dir='ltr'><strong>sicet</strong></span> <span class='ocrx_word' id='word_1_46' title='bbox 490 1605 623 1682; x_wconf 84' lang='lat' dir='ltr'><strong>fecunda,</strong></span> 
     </span>
     <span class='ocr_line' id='line_1_15' title="bbox 202 1686 558 1760; baseline 0.031 -19"><span class='ocrx_word' id='word_1_47' title='bbox 202 1686 390 1760; x_wconf 79' lang='lat' dir='ltr'><strong>Quaecunque</strong></span> <span class='ocrx_word' id='word_1_48' title='bbox 412 1706 480 1750; x_wconf 90' lang='lat' dir='ltr'><strong>vero</strong></span> <span class='ocrx_word' id='word_1_49' title='bbox 500 1692 558 1752; x_wconf 90' lang='lat' dir='ltr'><strong>alia</strong></span> 
     </span>
     <span class='ocr_line' id='line_1_16' title="bbox 243 1770 583 1851; baseline 0.026 -22"><span class='ocrx_word' id='word_1_50' title='bbox 243 1770 356 1831; x_wconf 87' lang='lat' dir='ltr'><strong>Sterilis</strong></span> <span class='ocrx_word' id='word_1_51' title='bbox 377 1780 406 1832; x_wconf 87' lang='lat' dir='ltr'><strong>et</strong></span> <span class='ocrx_word' id='word_1_52' title='bbox 428 1776 583 1851; x_wconf 90' lang='lat' dir='ltr'><strong>immunda,</strong></span> 
     </span>
     <span class='ocr_line' id='line_1_17' title="bbox 245 1857 618 1926; baseline 0.021 -10"><span class='ocrx_word' id='word_1_53' title='bbox 245 1857 359 1916; x_wconf 82' lang='lat' dir='ltr'><strong>Primae</strong></span> <span class='ocrx_word' id='word_1_54' title='bbox 381 1861 461 1921; x_wconf 91' lang='lat' dir='ltr'><strong>nulla</strong></span> <span class='ocrx_word' id='word_1_55' title='bbox 483 1863 618 1926; x_wconf 86' lang='lat' dir='ltr'><strong>secunda.</strong></span> 
     </span>
    </p>
   </div>
   <div class='ocr_carea' id='block_1_4' title="bbox 257 2078 581 2264">
    <p class='ocr_par' dir='ltr' id='par_1_4' title="bbox 257 2078 581 2264">
     <span class='ocr_line' id='line_1_18' title="bbox 257 2078 581 2147; baseline 0.031 -11"><span class='ocrx_word' id='word_1_56' title='bbox 257 2078 298 2138; x_wconf 92' lang='lat' dir='ltr'><strong>In</strong></span> <span class='ocrx_word' id='word_1_57' title='bbox 322 2082 349 2139; x_wconf 88' lang='lat'><strong>2.</strong></span> <span class='ocrx_word' id='word_1_58' title='bbox 375 2080 581 2147; x_wconf 89' lang='lat' dir='ltr'><strong>Nocturuo.</strong></span> 
     </span>
     <span class='ocr_line' id='line_1_19' title="bbox 331 2198 507 2264; baseline 0.028 -17"><span class='ocrx_word' id='word_1_59' title='bbox 331 2198 507 2264; x_wconf 74' lang='lat' dir='ltr'><strong>Antiphontis.</strong></span> 
     </span>
    </p>
   </div>
   <div class='ocr_carea' id='block_1_5' title="bbox 150 2298 601 2882">
    <p class='ocr_par' dir='ltr' id='par_1_5' title="bbox 150 2298 601 2882">
     <span class='ocr_line' id='line_1_20' title="bbox 150 2298 502 2375; baseline 0.023 -19"><span class='ocrx_word' id='word_1_60' title='bbox 150 2298 176 2356; x_wconf 94' lang='lat'><strong>1.</strong></span> <span class='ocrx_word' id='word_1_61' title='bbox 201 2299 274 2358; x_wconf 87' lang='lat' dir='ltr'><strong>Tota</strong></span> <span class='ocrx_word' id='word_1_62' title='bbox 296 2301 376 2375; x_wconf 83' lang='lat' dir='ltr'><strong>virgo</strong></span> <span class='ocrx_word' id='word_1_63' title='bbox 399 2302 502 2364; x_wconf 84' lang='lat' dir='ltr'><strong>deifica</strong></span> 
     </span>
     <span class='ocr_line' id='line_1_21' title="bbox 244 2385 569 2465; baseline 0.028 -23"><span class='ocrx_word' id='word_1_64' title='bbox 244 2385 276 2443; x_wconf 92' lang='lat' dir='ltr'><strong>ln</strong></span> <span class='ocrx_word' id='word_1_65' title='bbox 297 2392 431 2447; x_wconf 89' lang='lat' dir='ltr'><strong>montana</strong></span> <span class='ocrx_word' id='word_1_66' title='bbox 453 2390 569 2465; x_wconf 87' lang='lat' dir='ltr'><strong>volavit,</strong></span> 
     </span>
     <span class='ocr_line' id='line_1_22' title="bbox 199 2470 598 2538; baseline 0.028 -11"><span class='ocrx_word' id='word_1_67' title='bbox 199 2470 388 2532; x_wconf 88' lang='lat' dir='ltr'><strong>Contemnens</strong></span> <span class='ocrx_word' id='word_1_68' title='bbox 409 2474 466 2534; x_wconf 91' lang='lat' dir='ltr'><strong>ista</strong></span> <span class='ocrx_word' id='word_1_69' title='bbox 487 2476 598 2538; x_wconf 88' lang='lat' dir='ltr'><strong>lubrica</strong></span> 
     </span>
     <span class='ocr_line' id='line_1_23' title="bbox 239 2557 560 2635; baseline 0.009 -18"><span class='ocrx_word' id='word_1_70' title='bbox 239 2557 394 2630; x_wconf 76' lang='lat' dir='ltr'><strong>Cognatum</strong></span> <span class='ocrx_word' id='word_1_71' title='bbox 416 2561 560 2635; x_wconf 90' lang='lat' dir='ltr'><strong>salutavit,</strong></span> 
     </span>
     <span class='ocr_line' id='line_1_24' title="bbox 199 2641 548 2716; baseline 0.02 -17"><span class='ocrx_word' id='word_1_72' title='bbox 199 2641 246 2700; x_wconf 86' lang='lat' dir='ltr'><strong>Ad</strong></span> <span class='ocrx_word' id='word_1_73' title='bbox 268 2644 347 2716; x_wconf 91' lang='lat' dir='ltr'><strong>cujus</strong></span> <span class='ocrx_word' id='word_1_74' title='bbox 369 2645 548 2706; x_wconf 84' lang='lat' dir='ltr'><strong>salutiferum</strong></span> 
     </span>
     <span class='ocr_line' id='line_1_25' title="bbox 198 2726 601 2804; baseline 0.022 -21"><span class='ocrx_word' id='word_1_75' title='bbox 198 2726 321 2786; x_wconf 88' lang='lat' dir='ltr'><strong>Verbum</strong></span> <span class='ocrx_word' id='word_1_76' title='bbox 343 2736 430 2804; x_wconf 88' lang='lat' dir='ltr'><strong>atque</strong></span> <span class='ocrx_word' id='word_1_77' title='bbox 452 2732 601 2794; x_wconf 81' lang='lat' dir='ltr'><strong>lucilerum</strong></span> 
     </span>
     <span class='ocr_line' id='line_1_26' title="bbox 239 2813 586 2882; baseline 0.032 -11"><span class='ocrx_word' id='word_1_78' title='bbox 239 2813 402 2876; x_wconf 90' lang='lat' dir='ltr'><strong>Non·natus</strong></span> <span class='ocrx_word' id='word_1_79' title='bbox 424 2819 586 2882; x_wconf 83' lang='lat' dir='ltr'><strong>exsultavit.</strong></span> 
     </span>
    </p>
   </div>
   <div class='ocr_carea' id='block_1_6' title="bbox 145 2915 636 2990">
    <p class='ocr_par' dir='ltr' id='par_1_6' title="bbox 145 2915 636 2990">
     <span class='ocr_line' id='line_1_27' title="bbox 145 2915 636 2990; baseline 0.018 -16"><span class='ocrx_word' id='word_1_80' title='bbox 145 2917 175 2975; x_wconf 84' lang='lat'><strong>2.</strong></span> <span class='ocrx_word' id='word_1_81' title='bbox 198 2915 354 2990; x_wconf 81' lang='lat' dir='ltr'><strong>Cognatam</strong></span> <span class='ocrx_word' id='word_1_82' title='bbox 377 2919 469 2979; x_wconf 88' lang='lat' dir='ltr'><strong>tribus</strong></span> <span class='ocrx_word' id='word_1_83' title='bbox 490 2922 636 2983; x_wconf 89' lang='lat' dir='ltr'><strong>mensibus</strong></span> 
     </span>
    </p>
   </div>
   <div class='ocr_carea' id='block_1_7' title="bbox 194 3001 625 3502">
    <p class='ocr_par' dir='ltr' id='par_1_7' title="bbox 194 3001 625 3502">
     <span class='ocr_line' id='line_1_28' title="bbox 238 3001 505 3076; baseline 0.022 -17"><span class='ocrx_word' id='word_1_84' title='bbox 238 3001 324 3076; x_wconf 81' lang='lat' dir='ltr'><strong>Virgo</strong></span> <span class='ocrx_word' id='word_1_85' title='bbox 346 3004 505 3065; x_wconf 83' lang='lat' dir='ltr'><strong>adsociavit</strong></span> 
     </span>
     <span class='ocr_line' id='line_1_29' title="bbox 194 3087 596 3152; baseline 0.02 -8"><span class='ocrx_word' id='word_1_86' title='bbox 194 3087 233 3145; x_wconf 85' lang='lat' dir='ltr'><strong>Et</strong></span> <span class='ocrx_word' id='word_1_87' title='bbox 255 3089 315 3145; x_wconf 91' lang='lat' dir='ltr'><strong>suis</strong></span> <span class='ocrx_word' id='word_1_88' title='bbox 338 3091 445 3148; x_wconf 88' lang='lat' dir='ltr'><strong>sanetis</strong></span> <span class='ocrx_word' id='word_1_89' title='bbox 467 3092 596 3152; x_wconf 91' lang='lat' dir='ltr'><strong>manibus</strong></span> 
     </span>
     <span class='ocr_line' id='line_1_30' title="bbox 237 3172 527 3235; baseline 0.017 -5"><span class='ocrx_word' id='word_1_90' title='bbox 237 3172 281 3231; x_wconf 91' lang='lat' dir='ltr'><strong>De</strong></span> <span class='ocrx_word' id='word_1_91' title='bbox 303 3179 381 3232; x_wconf 87' lang='lat' dir='ltr'><strong>terra</strong></span> <span class='ocrx_word' id='word_1_92' title='bbox 403 3176 527 3235; x_wconf 88' lang='lat' dir='ltr'><strong>elevavit</strong></span> 
     </span>
     <span class='ocr_line' id='line_1_31' title="bbox 194 3258 596 3335; baseline 0.012 -20"><span class='ocrx_word' id='word_1_93' title='bbox 194 3258 366 3331; x_wconf 90' lang='lat' dir='ltr'><strong>Prophetam</strong></span> <span class='ocrx_word' id='word_1_94' title='bbox 388 3259 596 3335; x_wconf 89' lang='lat' dir='ltr'><strong>admirabilem,</strong></span> 
     </span>
     <span class='ocr_line' id='line_1_32' title="bbox 194 3343 625 3421; baseline 0.014 -21"><span class='ocrx_word' id='word_1_95' title='bbox 194 3343 267 3401; x_wconf 90' lang='lat' dir='ltr'><strong>Prae</strong></span> <span class='ocrx_word' id='word_1_96' title='bbox 287 3345 397 3404; x_wconf 89' lang='lat' dir='ltr'><strong>cunctis</strong></span> <span class='ocrx_word' id='word_1_97' title='bbox 420 3346 625 3421; x_wconf 86' lang='lat' dir='ltr'><strong>honorabilem,</strong></span> 
     </span>
     <span class='ocr_line' id='line_1_33' title="bbox 233 3431 600 3502; baseline 0.022 -15"><span class='ocrx_word' id='word_1_98' title='bbox 233 3431 323 3502; x_wconf 82' lang='lat' dir='ltr'><strong>Quem</strong></span> <span class='ocrx_word' id='word_1_99' title='bbox 343 3431 421 3490; x_wconf 88' lang='lat' dir='ltr'><strong>Deus</strong></span> <span class='ocrx_word' id='word_1_100' title='bbox 443 3433 600 3497; x_wconf 84' lang='lat' dir='ltr'><strong>suscitavit.</strong></span> 
     </span>
    </p>
   </div>
   <div class='ocr_carea' id='block_1_8' title="bbox 138 3532 600 4111">
    <p class='ocr_par' dir='ltr' id='par_1_8' title="bbox 138 3532 600 4111">
     <span class='ocr_line' id='line_1_34' title="bbox 138 3532 564 3607; baseline 0.007 -16"><span class='ocrx_word' id='word_1_101' title='bbox 138 3534 168 3591; x_wconf 89' lang='grc'><strong>3.</strong></span> <span class='ocrx_word' id='word_1_102' title='bbox 191 3532 285 3591; x_wconf 87' lang='lat' dir='ltr'><strong>Corde</strong></span> <span class='ocrx_word' id='word_1_103' title='bbox 309 3533 399 3592; x_wconf 87' lang='lat' dir='ltr'><strong>lleum</strong></span> <span class='ocrx_word' id='word_1_104' title='bbox 422 3534 564 3607; x_wconf 76' lang='lat' dir='ltr'><strong>glorificat</strong></span> 
     </span>
     <span class='ocr_line' id='line_1_35' title="bbox 236 3618 522 3695; baseline 0.014 -20"><span class='ocrx_word' id='word_1_105' title='bbox 236 3618 321 3693; x_wconf 81' lang='lat' dir='ltr'><strong>Virgo</strong></span> <span class='ocrx_word' id='word_1_106' title='bbox 343 3618 522 3695; x_wconf 83' lang='lat' dir='ltr'><strong>intemerata,</strong></span> 
     </span>
     <span class='ocr_line' id='line_1_36' title="bbox 193 3703 600 3780; baseline 0.015 -20"><span class='ocrx_word' id='word_1_107' title='bbox 193 3703 302 3776; x_wconf 78' lang='lat' dir='ltr'><strong>linqua</strong></span> <span class='ocrx_word' id='word_1_108' title='bbox 324 3705 416 3764; x_wconf 89' lang='lat' dir='ltr'><strong>Deum</strong></span> <span class='ocrx_word' id='word_1_109' title='bbox 439 3707 600 3780; x_wconf 80' lang='lat' dir='ltr'><strong>magnificat</strong></span> 
     </span>
     <span class='ocr_line' id='line_1_37' title="bbox 233 3789 518 3868; baseline 0.004 -19"><span class='ocrx_word' id='word_1_110' title='bbox 233 3790 266 3849; x_wconf 93' lang='lat' dir='ltr'><strong>ln</strong></span> <span class='ocrx_word' id='word_1_111' title='bbox 288 3789 374 3864; x_wconf 87' lang='lat' dir='ltr'><strong>plebe</strong></span> <span class='ocrx_word' id='word_1_112' title='bbox 395 3791 518 3868; x_wconf 88' lang='lat' dir='ltr'><strong>visitatu,</strong></span> 
     </span>
     <span class='ocr_line' id='line_1_38' title="bbox 190 3874 572 3956; baseline 0.008 -24"><span class='ocrx_word' id='word_1_113' title='bbox 190 3874 341 3935; x_wconf 86' lang='lat' dir='ltr'><strong>Glorifieat</strong></span> <span class='ocrx_word' id='word_1_114' title='bbox 362 3884 391 3936; x_wconf 86' lang='lat' dir='ltr'><strong>et</strong></span> <span class='ocrx_word' id='word_1_115' title='bbox 413 3877 572 3956; x_wconf 86' lang='lat' dir='ltr'><strong>praedicat,</strong></span> 
     </span>
     <span class='ocr_line' id='line_1_39' title="bbox 189 3960 535 4039; baseline 0.014 -22"><span class='ocrx_word' id='word_1_116' title='bbox 189 3960 365 4039; x_wconf 75' lang='lat' dir='ltr'><strong>lllugnificat,</strong></span> <span class='ocrx_word' id='word_1_117' title='bbox 387 3964 535 4036; x_wconf 87' lang='lat' dir='ltr'><strong>specificat</strong></span> 
     </span>
     <span class='ocr_line' id='line_1_40' title="bbox 231 4047 534 4111; baseline 0.02 -6"><span class='ocrx_word' id='word_1_118' title='bbox 231 4048 265 4106; x_wconf 88' lang='lat' dir='ltr'><strong>lu</strong></span> <span class='ocrx_word' id='word_1_119' title='bbox 287 4063 349 4105; x_wconf 86' lang='lat' dir='ltr'><strong>sose</strong></span> <span class='ocrx_word' id='word_1_120' title='bbox 372 4047 534 4111; x_wconf 86' lang='lat' dir='ltr'><strong>fecundata.</strong></span> 
     </span>
    </p>
   </div>
   <div class='ocr_carea' id='block_1_9' title="bbox 312 4201 497 4267">
    <p class='ocr_par' dir='ltr' id='par_1_9' title="bbox 312 4201 497 4267">
     <span class='ocr_line' id='line_1_41' title="bbox 312 4201 497 4267; baseline 0.011 -16"><span class='ocrx_word' id='word_1_121' title='bbox 312 4201 497 4267; x_wconf 84' lang='lat' dir='ltr'><strong>Responsoriu.</strong></span> 
     </span>
    </p>
   </div>
   <div class='ocr_carea' id='block_1_10' title="bbox 137 4304 645 4382">
    <p class='ocr_par' dir='ltr' id='par_1_10' title="bbox 137 4304 645 4382">
     <span class='ocr_line' id='line_1_42' title="bbox 137 4304 645 4382; baseline 0.004 -17"><span class='ocrx_word' id='word_1_122' title='bbox 137 4305 163 4365; x_wconf 86' lang='lat'><strong>1.</strong></span> <span class='ocrx_word' id='word_1_123' title='bbox 188 4304 290 4364; x_wconf 88' lang='lat' dir='ltr'><strong>Gestat</strong></span> <span class='ocrx_word' id='word_1_124' title='bbox 312 4305 466 4365; x_wconf 90' lang='lat' dir='ltr'><strong>claustrum</strong></span> <span class='ocrx_word' id='word_1_125' title='bbox 488 4308 645 4382; x_wconf 63' lang='lat' dir='ltr'><strong>virgineum</strong></span> 
     </span>
    </p>
   </div>
   <div class='ocr_carea' id='block_1_11' title="bbox 231 4389 587 4471">
    <p class='ocr_par' dir='ltr' id='par_1_11' title="bbox 231 4389 587 4471">
     <span class='ocr_line' id='line_1_43' title="bbox 231 4389 587 4471; baseline 0.017 -24"><span class='ocrx_word' id='word_1_126' title='bbox 231 4389 381 4450; x_wconf 82' lang='lat' dir='ltr'><strong>Potentem</strong></span> <span class='ocrx_word' id='word_1_127' title='bbox 403 4391 587 4471; x_wconf 87' lang='lat' dir='ltr'><strong>infirmatum,</strong></span> 
     </span>
    </p>
   </div>
   <div class='ocr_carea' id='block_1_12' title="bbox 631 306 841 371">
    <p class='ocr_par' dir='ltr' id='par_1_12' title="bbox 631 306 841 371">
     <span class='ocr_line' id='line_1_44' title="bbox 631 306 841 371; baseline 0.033 -20"><span class='ocrx_word' id='word_1_128' title='bbox 631 306 841 371; x_wconf 83' lang='lat'><strong>-35-</strong></span> 
     </span>
    </p>
   </div>
   <div class='ocr_carea' id='block_1_13' title="bbox 759 485 1260 1322">
    <p class='ocr_par' dir='ltr' id='par_1_13' title="bbox 759 485 1260 1322">
     <span class='ocr_line' id='line_1_45' title="bbox 824 485 1228 551; baseline 0.022 -8"><span class='ocrx_word' id='word_1_129' title='bbox 824 485 926 545; x_wconf 87' lang='lat' dir='ltr'><strong>Gestat</strong></span> <span class='ocrx_word' id='word_1_130' title='bbox 948 506 998 547; x_wconf 89' lang='lat' dir='ltr'><strong>vus</strong></span> <span class='ocrx_word' id='word_1_131' title='bbox 1019 490 1092 549; x_wconf 92' lang='lat' dir='ltr'><strong>illud</strong></span> <span class='ocrx_word' id='word_1_132' title='bbox 1112 509 1228 551; x_wconf 88' lang='lat' dir='ltr'><strong>aureum</strong></span> 
     </span>
     <span class='ocr_line' id='line_1_46' title="bbox 868 571 1213 652; baseline 0.023 -23"><span class='ocrx_word' id='word_1_133' title='bbox 868 571 992 631; x_wconf 87' lang='lat' dir='ltr'><strong>Divitem</strong></span> <span class='ocrx_word' id='word_1_134' title='bbox 1007 584 1213 652; x_wconf 84' lang='lat' dir='ltr'><strong>pauperatum,</strong></span> 
     </span>
     <span class='ocr_line' id='line_1_47' title="bbox 824 656 1132 734; baseline 0.026 -21"><span class='ocrx_word' id='word_1_135' title='bbox 824 656 969 730; x_wconf 82' lang='lat' dir='ltr'><strong>Mirabile,</strong></span> <span class='ocrx_word' id='word_1_136' title='bbox 993 661 1132 734; x_wconf 87' lang='lat' dir='ltr'><strong>terribile,</strong></span> 
     </span>
     <span class='ocr_line' id='line_1_48' title="bbox 824 741 1180 820; baseline 0.022 -20"><span class='ocrx_word' id='word_1_137' title='bbox 824 741 990 817; x_wconf 88' lang='lat' dir='ltr'><strong>Concipere,</strong></span> <span class='ocrx_word' id='word_1_138' title='bbox 1014 748 1180 820; x_wconf 78' lang='lat' dir='ltr'><strong>conspicere</strong></span> 
     </span>
     <span class='ocr_line' id='line_1_49' title="bbox 865 828 1260 908; baseline 0.023 -22"><span class='ocrx_word' id='word_1_139' title='bbox 865 828 1036 889; x_wconf 86' lang='lat' dir='ltr'><strong>Immensum</strong></span> <span class='ocrx_word' id='word_1_140' title='bbox 1058 842 1260 908; x_wconf 90' lang='lat' dir='ltr'><strong>mensuratum,</strong></span> 
     </span>
     <span class='ocr_line' id='line_1_50' title="bbox 759 909 1165 992; baseline 0.025 -26"><span class='ocrx_word' id='word_1_141' title='bbox 759 909 793 970; x_wconf 89' lang='lat' dir='ltr'><strong>V.</strong></span> <span class='ocrx_word' id='word_1_142' title='bbox 820 912 971 986; x_wconf 79' lang='lat' dir='ltr'><strong>(ligantem</strong></span> <span class='ocrx_word' id='word_1_143' title='bbox 996 916 1165 992; x_wconf 88' lang='lat' dir='ltr'><strong>breviatum,</strong></span> 
     </span>
     <span class='ocr_line' id='line_1_51' title="bbox 862 997 1225 1079; baseline 0.022 -23"><span class='ocrx_word' id='word_1_144' title='bbox 862 997 1015 1059; x_wconf 83' lang='lat' dir='ltr'><strong>Excelsum</strong></span> <span class='ocrx_word' id='word_1_145' title='bbox 1037 1003 1225 1079; x_wconf 85' lang='lat' dir='ltr'><strong>incurvatum,</strong></span> 
     </span>
     <span class='ocr_line' id='line_1_52' title="bbox 819 1082 1140 1163; baseline 0.025 -22"><span class='ocrx_word' id='word_1_146' title='bbox 819 1082 982 1145; x_wconf 84' lang='lat' dir='ltr'><strong>Creatorem</strong></span> <span class='ocrx_word' id='word_1_147' title='bbox 1004 1096 1140 1163; x_wconf 86' lang='lat' dir='ltr'><strong>creatum,</strong></span> 
     </span>
     <span class='ocr_line' id='line_1_53' title="bbox 862 1168 1200 1235; baseline 0.024 -8"><span class='ocrx_word' id='word_1_148' title='bbox 862 1168 999 1230; x_wconf 88' lang='lat' dir='ltr'><strong>Stabilem</strong></span> <span class='ocrx_word' id='word_1_149' title='bbox 1021 1173 1200 1235; x_wconf 86' lang='lat' dir='ltr'><strong>immutatum</strong></span> 
     </span>
     <span class='ocr_line' id='line_1_54' title="bbox 861 1255 1230 1322; baseline 0.022 -9"><span class='ocrx_word' id='word_1_150' title='bbox 861 1255 901 1313; x_wconf 87' lang='lat' dir='ltr'><strong>Et</strong></span> <span class='ocrx_word' id='word_1_151' title='bbox 923 1256 1015 1317; x_wconf 87' lang='lat' dir='ltr'><strong>Deum</strong></span> <span class='ocrx_word' id='word_1_152' title='bbox 1037 1259 1230 1322; x_wconf 89' lang='lat' dir='ltr'><strong>humanatum.</strong></span> 
     </span>
    </p>
   </div>
   <div class='ocr_carea' id='block_1_14' title="bbox 752 1389 1267 2411">
    <p class='ocr_par' dir='ltr' id='par_1_14' title="bbox 752 1389 1267 2411">
     <span class='ocr_line' id='line_1_55' title="bbox 765 1389 1241 1467; baseline 0.023 -21"><span class='ocrx_word' id='word_1_153' title='bbox 765 1391 796 1452; x_wconf 87' lang='lat'><strong>2.</strong></span> <span class='ocrx_word' id='word_1_154' title='bbox 817 1389 936 1464; x_wconf 79' lang='lat' dir='ltr'><strong>loseph,</strong></span> <span class='ocrx_word' id='word_1_155' title='bbox 959 1410 1081 1467; x_wconf 88' lang='lat' dir='ltr'><strong>sponsus</strong></span> <span class='ocrx_word' id='word_1_156' title='bbox 1102 1397 1241 1458; x_wconf 88' lang='lat' dir='ltr'><strong>nutricius</strong></span> 
     </span>
     <span class='ocr_line' id='line_1_56' title="bbox 860 1476 1267 1556; baseline 0.017 -22"><span class='ocrx_word' id='word_1_157' title='bbox 860 1476 991 1537; x_wconf 85' lang='lat' dir='ltr'><strong>Thalami</strong></span> <span class='ocrx_word' id='word_1_158' title='bbox 1014 1481 1157 1556; x_wconf 90' lang='lat' dir='ltr'><strong>pudorati,</strong></span> <span class='ocrx_word' id='word_1_159' title='bbox 1263 1531 1267 1540; x_wconf 94' lang='lat'>.</span> 
     </span>
     <span class='ocr_line' id='line_1_57' title="bbox 818 1561 1202 1632; baseline 0.021 -12"><span class='ocrx_word' id='word_1_160' title='bbox 818 1561 890 1632; x_wconf 81' lang='lat' dir='ltr'><strong>Quia</strong></span> <span class='ocrx_word' id='word_1_161' title='bbox 912 1581 969 1624; x_wconf 83' lang='lat' dir='ltr'><strong>riou</strong></span> <span class='ocrx_word' id='word_1_162' title='bbox 990 1572 1054 1626; x_wconf 84' lang='lat' dir='ltr'><strong>erat</strong></span> <span class='ocrx_word' id='word_1_163' title='bbox 1073 1569 1202 1628; x_wconf 88' lang='lat' dir='ltr'><strong>conscius</strong></span> 
     </span>
     <span class='ocr_line' id='line_1_58' title="bbox 861 1647 1175 1729; baseline 0.025 -23"><span class='ocrx_word' id='word_1_164' title='bbox 861 1647 948 1708; x_wconf 89' lang='lat' dir='ltr'><strong>Verbi</strong></span> <span class='ocrx_word' id='word_1_165' title='bbox 970 1668 1056 1712; x_wconf 90' lang='lat' dir='ltr'><strong>carne</strong></span> <span class='ocrx_word' id='word_1_166' title='bbox 1079 1654 1175 1729; x_wconf 89' lang='lat' dir='ltr'><strong>veluti,</strong></span> 
     </span>
     <span class='ocr_line' id='line_1_59' title="bbox 818 1731 1140 1806; baseline 0.028 -16"><span class='ocrx_word' id='word_1_167' title='bbox 818 1731 969 1806; x_wconf 78' lang='lat' dir='ltr'><strong>Cogitabat</strong></span> <span class='ocrx_word' id='word_1_168' title='bbox 991 1737 1140 1799; x_wconf 90' lang='lat' dir='ltr'><strong>discedere</strong></span> 
     </span>
     <span class='ocr_line' id='line_1_60' title="bbox 816 1816 1140 1884; baseline 0.028 -9"><span class='ocrx_word' id='word_1_169' title='bbox 816 1816 857 1875; x_wconf 85' lang='lat' dir='ltr'><strong>Et</strong></span> <span class='ocrx_word' id='word_1_170' title='bbox 872 1821 983 1881; x_wconf 85' lang='lat' dir='ltr'><strong>occulte</strong></span> <span class='ocrx_word' id='word_1_171' title='bbox 1007 1824 1140 1884; x_wconf 87' lang='lat' dir='ltr'><strong>descrere</strong></span> 
     </span>
     <span class='ocr_line' id='line_1_61' title="bbox 861 1904 1229 1981; baseline 0.03 -19"><span class='ocrx_word' id='word_1_172' title='bbox 861 1904 917 1964; x_wconf 93' lang='lat' dir='ltr'><strong>Vas</strong></span> <span class='ocrx_word' id='word_1_173' title='bbox 939 1910 1039 1981; x_wconf 85' lang='lat' dir='ltr'><strong>templi</strong></span> <span class='ocrx_word' id='word_1_174' title='bbox 1062 1915 1229 1974; x_wconf 90' lang='lat' dir='ltr'><strong>consecrati.</strong></span> 
     </span>
     <span class='ocr_line' id='line_1_62' title="bbox 752 1987 1171 2070; baseline 0.031 -26"><span class='ocrx_word' id='word_1_175' title='bbox 752 1987 786 2046; x_wconf 89' lang='lat' dir='ltr'><strong>V.</strong></span> <span class='ocrx_word' id='word_1_176' title='bbox 811 1988 907 2061; x_wconf 88' lang='lat' dir='ltr'><strong>lpsam</strong></span> <span class='ocrx_word' id='word_1_177' title='bbox 930 2007 999 2053; x_wconf 91' lang='lat' dir='ltr'><strong>cura</strong></span> <span class='ocrx_word' id='word_1_178' title='bbox 1020 1995 1171 2070; x_wconf 78' lang='lat' dir='ltr'><strong>magnifica</strong></span> 
     </span>
     <span class='ocr_line' id='line_1_63' title="bbox 857 2073 1183 2156; baseline 0.021 -22"><span class='ocrx_word' id='word_1_179' title='bbox 857 2073 966 2151; x_wconf 80' lang='lat' dir='ltr'><strong>loseph</strong></span> <span class='ocrx_word' id='word_1_180' title='bbox 989 2080 1183 2156; x_wconf 82' lang='lat' dir='ltr'><strong>reverebatur,</strong></span> 
     </span>
     <span class='ocr_line' id='line_1_64' title="bbox 815 2161 1232 2236; baseline 0.029 -18"><span class='ocrx_word' id='word_1_181' title='bbox 815 2161 959 2236; x_wconf 75' lang='lat' dir='ltr'><strong>Quidquid</strong></span> <span class='ocrx_word' id='word_1_182' title='bbox 982 2171 1045 2224; x_wconf 82' lang='lat' dir='ltr'><strong>arte</strong></span> <span class='ocrx_word' id='word_1_183' title='bbox 1067 2167 1232 2231; x_wconf 86' lang='lat' dir='ltr'><strong>mechanica</strong></span> 
     </span>
     <span class='ocr_line' id='line_1_65' title="bbox 857 2246 1190 2333; baseline 0.021 -28"><span class='ocrx_word' id='word_1_184' title='bbox 857 2246 993 2310; x_wconf 88' lang='lat' dir='ltr'><strong>Sudundc</strong></span> <span class='ocrx_word' id='word_1_185' title='bbox 1015 2252 1190 2333; x_wconf 85' lang='lat' dir='ltr'><strong>lucrabatur,</strong></span> 
     </span>
     <span class='ocr_line' id='line_1_66' title="bbox 857 2333 1254 2411; baseline 0.033 -20"><span class='ocrx_word' id='word_1_186' title='bbox 857 2333 985 2407; x_wconf 86' lang='lat' dir='ltr'><strong>Sponsae</strong></span> <span class='ocrx_word' id='word_1_187' title='bbox 1006 2340 1254 2411; x_wconf 88' lang='lat' dir='ltr'><strong>praesentabatur.</strong></span> 
     </span>
    </p>
   </div>
   <div class='ocr_carea' id='block_1_15' title="bbox 745 2474 1245 3488">
    <p class='ocr_par' dir='ltr' id='par_1_15' title="bbox 745 2474 1245 3488">
     <span class='ocr_line' id='line_1_67' title="bbox 759 2474 1194 2549; baseline 0.005 -14"><span class='ocrx_word' id='word_1_188' title='bbox 759 2477 787 2535; x_wconf 85' lang='grc'><strong>3.</strong></span> <span class='ocrx_word' id='word_1_189' title='bbox 811 2474 886 2533; x_wconf 80' lang='lat' dir='ltr'><strong>llum</strong></span> <span class='ocrx_word' id='word_1_190' title='bbox 908 2474 965 2535; x_wconf 84' lang='lat' dir='ltr'><strong>iret</strong></span> <span class='ocrx_word' id='word_1_191' title='bbox 985 2476 1194 2549; x_wconf 79' lang='lat' dir='ltr'><strong>lerosolymam</strong></span> 
     </span>
     <span class='ocr_line' id='line_1_68' title="bbox 853 2559 1245 2641; baseline 0.005 -21"><span class='ocrx_word' id='word_1_192' title='bbox 853 2559 962 2633; x_wconf 84' lang='lat' dir='ltr'><strong>loseph</strong></span> <span class='ocrx_word' id='word_1_193' title='bbox 984 2561 1022 2620; x_wconf 91' lang='lat' dir='ltr'><strong>ad</strong></span> <span class='ocrx_word' id='word_1_194' title='bbox 1045 2560 1245 2641; x_wconf 80' lang='lat' dir='ltr'><strong>profitendum,</strong></span> 
     </span>
     <span class='ocr_line' id='line_1_69' title="bbox 812 2645 1182 2721; baseline 0.003 -16"><span class='ocrx_word' id='word_1_195' title='bbox 812 2647 876 2705; x_wconf 91' lang='lat' dir='ltr'><strong>Nun</strong></span> <span class='ocrx_word' id='word_1_196' title='bbox 898 2645 1008 2705; x_wconf 88' lang='lat' dir='ltr'><strong>invenit</strong></span> <span class='ocrx_word' id='word_1_197' title='bbox 1028 2647 1182 2721; x_wconf 88' lang='lat' dir='ltr'><strong>hospitium</strong></span> 
     </span>
     <span class='ocr_line' id='line_1_70' title="bbox 855 2731 1224 2809; baseline 0.016 -21"><span class='ocrx_word' id='word_1_198' title='bbox 855 2731 964 2808; x_wconf 79' lang='lat' dir='ltr'><strong>Virgini</strong></span> <span class='ocrx_word' id='word_1_199' title='bbox 983 2731 1021 2790; x_wconf 86' lang='lat' dir='ltr'><strong>ad</strong></span> <span class='ocrx_word' id='word_1_200' title='bbox 1043 2734 1224 2809; x_wconf 86' lang='lat' dir='ltr'><strong>manendum,</strong></span> 
     </span>
     <span class='ocr_line' id='line_1_71' title="bbox 810 2816 1158 2877; baseline 0.006 -1"><span class='ocrx_word' id='word_1_201' title='bbox 810 2816 867 2876; x_wconf 90' lang='lat' dir='ltr'><strong>Sed</strong></span> <span class='ocrx_word' id='word_1_202' title='bbox 890 2816 947 2875; x_wconf 89' lang='lat' dir='ltr'><strong>vile</strong></span> <span class='ocrx_word' id='word_1_203' title='bbox 970 2817 1158 2877; x_wconf 81' lang='lat' dir='ltr'><strong>diversorium</strong></span> 
     </span>
     <span class='ocr_line' id='line_1_72' title="bbox 810 2903 1215 2978; baseline 0.007 -17"><span class='ocrx_word' id='word_1_204' title='bbox 810 2903 848 2961; x_wconf 87' lang='lat' dir='ltr'><strong>Et</strong></span> <span class='ocrx_word' id='word_1_205' title='bbox 871 2903 1012 2962; x_wconf 88' lang='lat' dir='ltr'><strong>modicum</strong></span> <span class='ocrx_word' id='word_1_206' title='bbox 1035 2906 1215 2978; x_wconf 89' lang='lat' dir='ltr'><strong>praesepium</strong></span> 
     </span>
     <span class='ocr_line' id='line_1_73' title="bbox 852 2989 1232 3061; baseline 0.021 -14"><span class='ocrx_word' id='word_1_207' title='bbox 852 2989 898 3048; x_wconf 89' lang='lat' dir='ltr'><strong>Ad</strong></span> <span class='ocrx_word' id='word_1_208' title='bbox 918 2989 1047 3061; x_wconf 88' lang='lat' dir='ltr'><strong>jumenta</strong></span> <span class='ocrx_word' id='word_1_209' title='bbox 1069 2991 1232 3055; x_wconf 88' lang='lat' dir='ltr'><strong>tenendum.</strong></span> 
     </span>
     <span class='ocr_line' id='line_1_74' title="bbox 745 3072 1143 3135; baseline 0.005 -3"><span class='ocrx_word' id='word_1_210' title='bbox 745 3074 782 3135; x_wconf 88' lang='lat' dir='ltr'><strong>V.</strong></span> <span class='ocrx_word' id='word_1_211' title='bbox 808 3072 920 3135; x_wconf 90' lang='lat' dir='ltr'><strong>Ibidem</strong></span> <span class='ocrx_word' id='word_1_212' title='bbox 943 3079 1026 3132; x_wconf 89' lang='lat' dir='ltr'><strong>nocte</strong></span> <span class='ocrx_word' id='word_1_213' title='bbox 1049 3074 1143 3134; x_wconf 89' lang='lat' dir='ltr'><strong>media</strong></span> 
     </span>
     <span class='ocr_line' id='line_1_75' title="bbox 853 3158 1160 3231; baseline 0.003 -14"><span class='ocrx_word' id='word_1_214' title='bbox 853 3158 968 3231; x_wconf 91' lang='lat' dir='ltr'><strong>Peperit</strong></span> <span class='ocrx_word' id='word_1_215' title='bbox 990 3159 1160 3218; x_wconf 86' lang='lat' dir='ltr'><strong>salvatorem</strong></span> 
     </span>
     <span class='ocr_line' id='line_1_76' title="bbox 808 3242 1125 3318; baseline -0.003 -15"><span class='ocrx_word' id='word_1_216' title='bbox 808 3244 897 3316; x_wconf 79' lang='lat' dir='ltr'><strong>Virgo</strong></span> <span class='ocrx_word' id='word_1_217' title='bbox 920 3242 1026 3316; x_wconf 91' lang='lat' dir='ltr'><strong>pudica</strong></span> <span class='ocrx_word' id='word_1_218' title='bbox 1046 3242 1125 3318; x_wconf 75' lang='lat' dir='ltr'><strong>regia</strong></span> 
     </span>
     <span class='ocr_line' id='line_1_77' title="bbox 852 3329 1214 3390; baseline 0.008 -3"><span class='ocrx_word' id='word_1_219' title='bbox 852 3329 917 3387; x_wconf 89' lang='lat' dir='ltr'><strong>Non</strong></span> <span class='ocrx_word' id='word_1_220' title='bbox 939 3329 1064 3387; x_wconf 88' lang='lat' dir='ltr'><strong>sentiens</strong></span> <span class='ocrx_word' id='word_1_221' title='bbox 1087 3329 1214 3390; x_wconf 88' lang='lat' dir='ltr'><strong>laborem</strong></span> 
     </span>
     <span class='ocr_line' id='line_1_78' title="bbox 851 3414 1220 3488; baseline 0.014 -15"><span class='ocrx_word' id='word_1_222' title='bbox 851 3414 951 3488; x_wconf 86' lang='lat' dir='ltr'><strong>Neque</strong></span> <span class='ocrx_word' id='word_1_223' title='bbox 972 3414 1060 3473; x_wconf 92' lang='lat' dir='ltr'><strong>ullum</strong></span> <span class='ocrx_word' id='word_1_224' title='bbox 1084 3414 1220 3479; x_wconf 87' lang='lat' dir='ltr'><strong>dolorem.</strong></span> 
     </span>
    </p>
   </div>
   <div class='ocr_carea' id='block_1_16' title="bbox 864 3620 1188 3684">
    <p class='ocr_par' dir='ltr' id='par_1_16' title="bbox 864 3620 1188 3684">
     <span class='ocr_line' id='line_1_79' title="bbox 864 3620 1188 3684; baseline 0.015 -5"><span class='ocrx_word' id='word_1_225' title='bbox 864 3621 904 3679; x_wconf 92' lang='lat' dir='ltr'><strong>In</strong></span> <span class='ocrx_word' id='word_1_226' title='bbox 928 3623 956 3681; x_wconf 82' lang='lat'><strong>3.</strong></span> <span class='ocrx_word' id='word_1_227' title='bbox 982 3620 1188 3684; x_wconf 84' lang='lat' dir='ltr'><strong>Nocturna.</strong></span> 
     </span>
    </p>
   </div>
   <div class='ocr_carea' id='block_1_17' title="bbox 935 3756 1112 3821">
    <p class='ocr_par' dir='ltr' id='par_1_17' title="bbox 935 3756 1112 3821">
     <span class='ocr_line' id='line_1_80' title="bbox 935 3756 1112 3821; baseline 0.011 -15"><span class='ocrx_word' id='word_1_228' title='bbox 935 3756 1112 3821; x_wconf 77' lang='lat' dir='ltr'><strong>Antiphontis.</strong></span> 
     </span>
    </p>
   </div>
   <div class='ocr_carea' id='block_1_18' title="bbox 752 3878 1182 4543">
    <p class='ocr_par' dir='ltr' id='par_1_18' title="bbox 752 3878 1182 4543">
     <span class='ocr_line' id='line_1_81' title="bbox 752 3878 1141 3941; baseline -0.01 0"><span class='ocrx_word' id='word_1_229' title='bbox 752 3881 779 3941; x_wconf 86' lang='lat'><strong>1.</strong></span> <span class='ocrx_word' id='word_1_230' title='bbox 804 3879 883 3938; x_wconf 90' lang='lat' dir='ltr'><strong>Sicut</strong></span> <span class='ocrx_word' id='word_1_231' title='bbox 903 3878 1007 3938; x_wconf 90' lang='lat' dir='ltr'><strong>emittit</strong></span> <span class='ocrx_word' id='word_1_232' title='bbox 1030 3879 1141 3938; x_wconf 91' lang='lat' dir='ltr'><strong>rudium</strong></span> 
     </span>
     <span class='ocr_line' id='line_1_82' title="bbox 848 3964 1182 4040; baseline -0.003 -15"><span class='ocrx_word' id='word_1_233' title='bbox 848 3965 897 4025; x_wconf 88' lang='lat' dir='ltr'><strong>Sol</strong></span> <span class='ocrx_word' id='word_1_234' title='bbox 919 3964 1027 4038; x_wconf 86' lang='lat' dir='ltr'><strong>absque</strong></span> <span class='ocrx_word' id='word_1_235' title='bbox 1046 3965 1182 4040; x_wconf 89' lang='lat' dir='ltr'><strong>laesione,</strong></span> 
     </span>
     <span class='ocr_line' id='line_1_83' title="bbox 801 4049 1167 4124; baseline 0.003 -15"><span class='ocrx_word' id='word_1_236' title='bbox 801 4049 849 4109; x_wconf 85' lang='lat' dir='ltr'><strong>Sic</strong></span> <span class='ocrx_word' id='word_1_237' title='bbox 871 4050 951 4124; x_wconf 80' lang='lat' dir='ltr'><strong>virgo</strong></span> <span class='ocrx_word' id='word_1_238' title='bbox 974 4049 1056 4108; x_wconf 83' lang='lat' dir='ltr'><strong>dedit</strong></span> <span class='ocrx_word' id='word_1_239' title='bbox 1077 4050 1167 4110; x_wconf 88' lang='lat' dir='ltr'><strong>filium</strong></span> 
     </span>
     <span class='ocr_line' id='line_1_84' title="bbox 846 4135 1125 4209; baseline -0.004 -13"><span class='ocrx_word' id='word_1_240' title='bbox 846 4136 914 4196; x_wconf 87' lang='lat' dir='ltr'><strong>Siue</strong></span> <span class='ocrx_word' id='word_1_241' title='bbox 933 4135 1125 4209; x_wconf 86' lang='lat' dir='ltr'><strong>corruptione,</strong></span> 
     </span>
     <span class='ocr_line' id='line_1_85' title="bbox 805 4219 1125 4294; baseline -0.009 -12"><span class='ocrx_word' id='word_1_242' title='bbox 805 4224 952 4294; x_wconf 90' lang='lat' dir='ltr'><strong>Puerpera</strong></span> <span class='ocrx_word' id='word_1_243' title='bbox 971 4219 1125 4280; x_wconf 85' lang='lat' dir='ltr'><strong>clausiferu</strong></span> 
     </span>
     <span class='ocr_line' id='line_1_86' title="bbox 804 4307 1164 4380; baseline -0.011 -11"><span class='ocrx_word' id='word_1_244' title='bbox 804 4307 976 4380; x_wconf 88' lang='lat' dir='ltr'><strong>Concipiens</strong></span> <span class='ocrx_word' id='word_1_245' title='bbox 998 4314 1028 4364; x_wconf 87' lang='lat' dir='ltr'><strong>et</strong></span> <span class='ocrx_word' id='word_1_246' title='bbox 1049 4308 1164 4379; x_wconf 78' lang='lat' dir='ltr'><strong>pariens</strong></span> 
     </span>
     <span class='ocr_line' id='line_1_87' title="bbox 846 4388 1159 4466; baseline 0.003 -13"><span class='ocrx_word' id='word_1_247' title='bbox 846 4393 964 4466; x_wconf 86' lang='lat' dir='ltr'><strong>Absque</strong></span> <span class='ocrx_word' id='word_1_248' title='bbox 986 4388 1159 4454; x_wconf 81' lang='lat' dir='ltr'><strong>foedatione.</strong></span> 
     </span>
     <span class='ocr_line' id='line_1_88' title="bbox 1109 4488 1148 4543; baseline 0 -25"><span class='ocrx_word' id='word_1_249' title='bbox 1109 4488 1127 4543; x_wconf 76' lang='grc'><strong>3</strong></span> <span class='ocrx_word' id='word_1_250' title='bbox 1134 4489 1148 4518; x_wconf 62' lang='lat' dir='ltr'>t</span> 
     </span>
    </p>
   </div>
   <div class='ocr_carea' id='block_1_19' title="bbox 0 0 1464 4868">
    <p class='ocr_par' dir='ltr' id='par_1_19' title="bbox 0 0 1464 4868">
     <span class='ocr_line' id='line_1_89' title="bbox 0 0 1464 4868; baseline 0 0"><span class='ocrx_word' id='word_1_251' title='bbox 0 0 1464 4868; x_wconf 95' lang='lat' dir='ltr'><strong> </strong></span> 
     </span>
    </p>
   </div>
  </div>
 </body>
</html>
