2918 4868
153 479 181 537 3.
206 473 339 534 Gloriosa
362 472 449 531 dete
472 470 561 543 dicta,

204 559 300 620 Radix
321 559 404 618 lesse
423 557 585 628 benedicta,

248 646 343 706 Radix
364 642 568 711 illustrissima,

205 735 268 806 Qua
291 730 441 805 praeclara
462 727 599 804 insignita

205 819 308 880 Finem
329 815 437 876 habent
454 812 609 872 meledicta

248 906 305 965 Pro
327 903 413 974 culpa
434 899 610 975 gravissima.

142 992 176 1052 V.
206 990 252 1050 Ex
274 996 304 1047 tc
326 1001 498 1061 consurgens
520 983 632 1058 virgula

246 1075 301 1134 Dei
323 1090 376 1148 per
397 1072 541 1144 virtutem,

208 1164 265 1221 Per
286 1169 370 1234 quarn
393 1155 528 1216 reflorent
550 1155 661 1230 singula

247 1248 287 1306 Et
308 1244 415 1305 habent
436 1243 567 1302 salutern.

256 1470 298 1529 ln
320 1470 350 1528 2.
373 1467 584 1526 Nocturna.

333 1602 509 1670 Antiphonem

152 1729 179 1788 1.
208 1730 288 1788 Haec
308 1725 439 1789 Joachim
461 1725 525 1784 uiro
542 1726 644 1798 jnncta

239 1812 303 1875 'Sed
325 1812 433 1871 sterilis
454 1809 595 1884 conjugio,

205 1901 325 1960 Fuetnm
347 1903 450 1971 optans
462 1911 576 1970 semper
590 1902 702 1968 cuncta,

248 1984 322 2059 Quia
343 1984 411 2043 data
432 1981 598 2058 opprobrie.

154 2127 182 2184 2.
207 2122 264 2182 Sed
287 2138 358 2195 qnos
379 2118 458 2180 foetu
481 2122 649 2194 desperatos

248 2209 309 2267 Len
331 2206 463 2266 fortunae
484 2205 623 2281 prodidit,

202 2295 292 2354 Parin
312 2309 395 2353 sacro
418 2291 586 2352 fecundatus

244 2379 307 2439 Rex
328 2383 449 2438 naturae
470 2377 609 2441 reddidit.

151 2520 181 2579 3.
205 2517 253 2577 Sic
275 2534 293 2575 a
314 2516 377 2576 Deo
399 2514 569 2576 fecundatur

246 2603 436 2662 Consecratas
457 2607 565 2675 uterus,

204 2688 286 2748 Novo
308 2687 388 2749 foetu
412 2695 595 2747 consecratur

244 2773 322 2832 Miro
344 2779 430 2846 partu
452 2773 573 2847 genitus.

324 2945 511 3011 Responsoria.

150 3068 178 3126 1.
203 3065 305 3126 Gaude
326 3066 398 3126 felix

244 3152 327 3211 radix
345 3151 495 3225 Dauidica,

201 3239 236 3298 In
259 3254 316 3311 qua
337 3238 419 3312 virga

244 3323 333 3383 crevit
356 3322 486 3397 mirifica,

201 3411 280 3482 Quae
302 3407 427 3469 fructum
449 3410 516 3470 tulit

243 3494 350 3555 virtute
372 3494 496 3570 coelica3

137 3581 171 3644 V.
199 3583 367 3642 Invocemns

244 3666 387 3727 domnam
408 3667 527 3741 gratiae,

201 3755 291 3826 Quam
312 3749 376 3812 fons
396 3754 531 3826 perennis

244 3837 346 3911 implet
367 3838 544 3899 clementiae.

148 3978 176 4034 2.
200 3975 303 4036 Funde
325 3975 421 4035 vinum
445 3977 581 4037 desolatis

244 4061 345 4121 Phiala
365 4062 500 4140 lactitiae,

202 4146 247 4205 Do
268 4142 324 4221 qna
344 4164 435 4207 nuvae
457 4148 618 4222 desperatis

243 4232 350 4292 Manus
372 4231 455 4292 fluxit
476 4237 594 4309 gratiae,

201 4317 242 4378 Ut
263 4316 300 4376 de
322 4334 409 4392 regno
431 4320 570 4379 claritatis

243 4403 337 4463 Detur
358 4419 424 4477 spes
446 4403 578 4470 fiduciae.

625 293 836 357 ..45-

757 468 791 526 V.
822 463 940 527 Olelix
962 463 1039 539 vitia,

864 551 900 610 de
923 551 1003 622 cujus
1025 548 1149 622 surculo,

818 637 941 696 Tantum
960 651 1076 709 germen

862 721 1006 780 redundat
1026 720 1150 796 saeculo,

820 810 944 869 Cunctos
967 803 1098 865 reficiens

864 892 945 952 vitali
967 891 1080 965 poculo.

767 999 796 1057 3.
819 998 843 1057 0
866 1013 949 1069 quam
971 1011 1075 1068 magna
1096 1000 1125 1053 et
1148 994 1297 1067 praeclara

820 1083 900 1142 Arca
922 1081 1006 1157 lignis
1028 1087 1057 1139 et
1078 1079 1198 1153 insignis

862 1167 1002 1241 Coamata
1024 1165 1152 1236 coelitus,

821 1253 930 1314 Urnann
953 1267 1049 1313 veram
1072 1267 1144 1325 quae
1165 1251 1297 1325 gestauit,

817 1341 851 1399 ln
874 1355 930 1412 qua
950 1337 1034 1411 panis
1056 1351 1087 1394 se
1109 1337 1215 1396 locavit

863 1423 990 1483 tklhtns
1012 1421 1156 1483 divinitus.

755 1510 790 1571 V.
816 1510 840 1570 0
863 1509 938 1568 cella
955 1507 1114 1582 aptissima,

861 1595 994 1655 Paradisi
1015 1599 1109 1667 porta,

817 1681 927 1740 Fructn
948 1680 1125 1757 suavissima,

860 1766 981 1840 Semper
1002 1783 1054 1825 nos
1075 1763 1215 1826 conforta

871 1990 911 2049 In
935 1994 963 2052 2.
988 1992 1197 2051 Noeturuo.

948 2108 1124 2176 Antiphenae.

768 2215 793 2273 1.
816 2214 905 2273 Trino
927 2212 989 2272 leta
1010 2212 1164 2273 fecundata

860 2298 975 2359 Gaudet
996 2302 1081 2359 Anna
1103 2299 1220 2373 sterilis,

817 2385 872 2445 Dei
895 2385 979 2444 donno
1001 2385 1167 2460 consignata

861 2471 962 2530 Manet
983 2470 1171 2530 admirabilis.
1189 2486 1191 2491 ’

768 2577 797 2635 2.
820 2576 890 2647 Ipsa
910 2590 1033 2648 namque
1052 2580 1112 2633 tres
1134 2575 1243 2634 Marias

860 2661 982 2720 Inventa
1003 2665 1048 2718 est
1069 2660 1195 2734 gignere,

818 2745 875 2806 Sed
898 2745 1001 2822 prima,
1025 2760 1061 2804 ex
1082 2762 1139 2818 qna
1163 2745 1295 2818 Messias,

859 2830 954 2906 Digna
977 2836 1022 2890 est
1043 2830 1194 2893 excellere.

769 2940 798 2997 3.
822 2937 846 2996 0
868 2952 951 3009 quam
974 2935 1060 2994 Anna
1082 2939 1235 2993 veneratur

860 3022 900 3082 Et
921 3021 1019 3081 debite
1040 3019 1144 3079 colitur

816 3105 855 3165 Et
874 3107 904 3166 in
925 3107 1011 3166 coelia
1033 3104 1204 3165 sublimatur

860 3191 900 3250 Et
921 3191 1007 3250 terris
1028 3190 1180 3250 attollitur.

945 3359 1131 3425 Responsoria

765 3468 794 3529 1.
814 3466 884 3539 Quis
907 3463 1048 3538 condigne
1070 3463 1190 3523 turturis

859 3552 982 3611 Matrem
1005 3549 1189 3620 collaudavit,

816 3636 904 3710 Cujus
927 3653 981 3696 vox
1003 3636 1033 3694 in
1055 3634 1167 3708 superis

857 3721 968 3782 Audita
988 3721 1102 3781 vocant

815 3808 850 3867 In
872 3811 1034 3868 consortem
1054 3805 1167 3865 miseris

856 3893 959 3967 Deum,
982 3893 1030 3967 qni
1052 3892 1163 3951 sanauit

815 3978 925 4038 Vulnus
948 3979 1049 4052 cnlpae
1071 3978 1177 4037 veteris

857 4065 898 4124 Et
918 4064 1007 4123 vitam
1029 4063 1156 4125 donavit.

751 4151 787 4213 V.
814 4150 988 4209 Benedictus
1010 4145 1122 4208 fructus
1180 4141 1182 4146 ’

857 4237 960 4296 Annae
982 4234 1162 4312 benedictae,

813 4321 901 4396 anns
923 4321 1018 4380 clarus
1039 4325 1119 4379 onus

858 4406 954 4469 Fulsit
974 4407 1080 4466 mundo
1102 4404 1187 4465 uitae.
