2918 4868
640 214 848 281 ‚gg-

158 385 193 443 V.
216 385 281 445 Stat
302 391 467 447 constanier
779 409 808 467 3,
832 405 1050 480 Congandeules

260 479 330 530 tunc
352 472 459 532 Christi
482 471 598 545 famula,
875 496 1010 565 parentes
1031 491 1149 550 veniunt

218 557 317 616 Monte
338 558 430 618 Deum
832 577 901 636 Post
923 575 1036 636 felicem

260 659 380 703 e¹⁰ffl¹¹⁸
402 645 512 705 seduli·
876 662 1004 722 victricis
1026 663 1187 733 transitum,

830 747 894 807 Viri
917 748 1010 808 saneti

281 833 322 892 In
345 834 374 897 2.
395 833 602 895 Nocturno.
876 850 980 908 eorpus
1001 832 1144 907 sepeliunt

350 949 524 1016 Antiphonae.
833 920 867 979 1¹¹
889 919 1042 993 sepulchm

168 1053 197 1117 1.
219 1054 336 1113 erroris
360 1053 515 1114 nouenos
772 1089 796 1147 V
829 1003 1145 1151 Safflsseiffimm’

258 1140 342 1239 Hanc
356 1157 474 1239 prorsus
489 1157 545 1239 uon
560 1139 719 1239 obnubilat,
798 1137 805 1153 '
874 1174 984 1250 inquit:
1008 1182 1049 1247 m,
1073 1175 1197 1248 domina,

220 1224 277 1284 Sed
299 1242 372 1286 mira
393 1225 501 1286 Ohnstr
523 1232 628 1286 cantas

335 1312 340 1323 Ι
563 1312 569 1325 ,
831 1261 966 1319 Meruisti

260 1311 294 1369 ln
315 1327 377 1383 eJus
398 1318 492 1371 mente
514 1314 623 1374 rutulat.
875 1347 955 1420 pfius
975 1347 1141 1408 certamina,

168 1435 197 1492 2.
220 1431 254 1490 In
276 1447 347 1489 sexu
368 1431 466 1490 vivens
489 1431 585 1506 fragili

262 1516 381 1576 Virilem
403 1523 525 1592 ruentem
548 1517 655 1588 retulit,
894 1518 935 1576 In
959 1520 988 1578 3.
1012 1518 1220 1576 Nocturno.

221 1602 312 1661 Hoste
334 1603 410 1661 ricto
432 1603 556 1661 terribili

261 1688 323 1746 Deo
345 1704 377 1747 so
398 1693 486 1747 totam
508 1688 621 1752 obtulit.

169 1812 197 1870 3.
220 1807 380 1867 decurrens
402 1809 482 1883 virgo
504 1809 625 1883 vigilans

263 1893 375 1966 Sponso
396 1910 448 1953 suo
469 1895 591 1966 sidereo,

224 1977 350 2050 sumpsit
374 1996 424 2038 vas
445 1996 540 2039 seeum
563 1979 685 2039 rutilans

264 2064 334 2123 Cum
357 2066 485 2124 caritatis
507 2066 578 2126 oleo.

970 1653 1145 1719 Antiphontem

783 1775 812 1835 1.
836 1774 959 1834 Gestaris
985 1775 1104 1849 pudoris
1126 1773 1228 1844 lilium,

880 1861 989 1920 Ornata
1009 1877 1119 1919 morum
1140 1857 1269 1931 floribus,

831 1945 926 2005 Odore
947 1945 1056 2020 fragrat
1076 1945 1181 2005 ossium

875 2033 941 2092 Jam
964 2047 1087 2105 regnans
1109 2032 1139 2089 in
1154 2029 1339 2092 coelestibus.

500 2221 506 2232 ,
781 2155 811 2213 2.
834 2151 988 2210 Translata
1008 2151 1088 2225 virgo
1109 2149 1262 2227 ponderat,

348 2218 534 2284 R⁰⁸P⁰¹¹⁸⁰¹¹⁸·
876 2238 910 2297 lu
932 2253 989 2310 qua
1011 2235 1043 2294 tit
1065 2237 1139 2294 mira
1159 2235 1295 2308 gravitas,

169 2322 196 2381 l.
222 2322 309 2396 Virgo
331 2324 437 2397 gaudet
835 2322 922 2395 Cujus
944 2327 1067 2381 mentem
1088 2320 1254 2380 firmaverat

263 2408 292 2467 in
316 2425 400 2467 oruee
421 2409 523 2482 posita,
879 2407 984 2467 Grauis
1006 2424 1116 2467 morum
1138 2406 1299 2467 maturitas.

226 2495 265 2555 Ut
287 2492 462 2552 flammamm

263 2579 364 2651 globus
386 2581 569 2657 adjungitur3

224 2663 367 2722 Psalmnm
389 2663 501 2738 profert

267 2756 334 2807 tuno
356 2757 465 2823 martyr
487 2751 596 2823 inolita,

222 2836 256 2894 Iu
279 2836 424 2893 ministros

263 2921 338 2993 ignis
358 2921 548 2993 convertitur3
963 2938 1149 3000 Responsoria.

163 3006 197 3067 V.
221 3005 283 3064 Neo
304 3023 322 3065 a
341 3005 464 3065 flammis

266 3093 347 3165 virgo
370 3092 553 3166 consumitur,

225 3176 292 3249 Sed,
317 3179 384 3237 dum
406 3184 478 3252 orat,

265 3264 338 3337 ignis
357 3264 558 3337 exstinguitur.

784 2531 812 2590 3.
836 2528 977 2587 Decorum
1000 2529 1060 2601 ejus
1081 2528 1206 2602 speeiem

879 2615 941 2673 Rex
965 2613 1128 2687 concupivit
1149 2613 1282 2688 omnium,

838 2701 928 2772 Quam
951 2700 988 2759 ad
1011 2707 1174 2758 sauctorum
1194 2699 1284 2756 aciem

878 2787 969 2845 Vooat
989 2791 1055 2858 post
1075 2799 1187 2859 pugnae
1202 2783 1340 2845 stadium.

785 3044 813 3103 1.
838 3043 921 3101 Patet
942 3059 1046 3116 corpus

877 3129 1019 3187 oecultum
1042 3127 1173 3201 primitus

838 3213 984 3272 Tridnano

880 3300 948 3358 dato
966 3300 1085 3376 jejunio,

171 3386 201 3445 2.
224 3385 257 3444 lu
281 3384 428 3443 columbae
837 3383 899 3442 Nec
921 3402 939 3443 a
961 3393 1039 3443 terra

268 3467 403 3543 fulgentis
425 3472 521 3543 speeie
881 3471 992 3529 levatur
1015 3470 1138 3543 penitus,

225 3556 395 3615 convolavit
839 3555 937 3614 Donec
959 3554 1052 3615 fervet

265 3642 302 3699 ad
327 3643 435 3700 eoelum
458 3643 585 3716 spiritus,
881 3642 974 3715 plebis
994 3642 1104 3712 oratio3

224 3726 264 3784 Et
287 3727 400 3785 divinae
837 3727 918 3786 Tunc
941 3728 1070 3787 sublatus

267 3818 336 3870 nutu
360 3813 527 3871 elementiae
873 3812 991 3872 affertur
1014 3813 1129 3887 digitus,

227 3897 283 3956 Nix
305 3898 334 3956 in
358 3915 419 3956 eam
838 3897 903 3957 Non
924 3899 1044 3958 adustus

270 3984 418 4042 descendit
440 3985 574 4054 coelitus;
880 3986 954 4057 ignis
976 3986 1118 4057 incendio,

166 4067 200 4128 V.
224 4069 304 4139 Quod
328 4070 457 4128 videntes
780 4070 814 4129 V.
838 4071 887 4129 Sio
909 4069 1083 4129 transfertur

269 4155 402 4212 custodes
424 4156 511 4228 positi
882 4172 986 4228 corpus
1007 4156 1137 4215 Eulaliae

225 4240 297 4299 Sunt
320 4243 455 4299 immenso
838 4242 885 4300 Ad
907 4242 999 4299 altare

268 4334 385 4399 stupore
406 4328 510 4388 territi.
880 4328 957 4385 sedis
980 4329 1127 4392 ecelesiae.
