2918 4868
615 315 657 327 -
701 280 763 344 268
812 317 847 326 --

146 459 174 516 3.
200 457 325 515 Primum
347 460 431 528 pater
453 455 653 513 monachorum
761 459 790 514 5.
814 453 951 512 Fructum
974 453 1050 513 vitae
1072 453 1239 511 seminando

242 538 298 601 luit
316 542 346 598 iu
369 540 466 607 Italia,
859 545 1011 611 congregat
1035 539 1200 611 discipulos

201 626 278 685 liiuc
299 641 396 684 amore
418 623 533 683 fervens
555 624 610 683 Dei
817 626 892 695 Quos
912 625 1041 694 justitiae
1063 625 1116 682 sub
1140 641 1239 682 norma

243 712 394 785 praedicat
416 712 446 768 iu
469 710 574 775 Gallia.
856 707 925 767 fecit
947 725 1009 767 esse
1030 710 1146 784 liberos,

202 797 329 856 Tandem
353 797 414 868 ejus
438 796 513 855 vitae
535 803 625 853 metas
815 795 915 853 Donec
937 811 1030 853 secum
1055 812 1108 868 per
1130 796 1263 852 virtutem

247 882 340 939 tenuit
363 882 466 940 iberia
860 881 963 939 evehat
984 881 1022 939 ad
1044 897 1172 954 superos.

147 1039 179 1098 4.
201 1035 350 1095 Montibus
372 1035 424 1092 sub
447 1034 593 1094 Pirenaeis
765 1039 794 1096 6.
818 1034 903 1092 Nunc
922 1051 1082 1108 precamur,
1106 1042 1205 1093 sancte
1224 1034 1289 1105 Dei,

242 1122 321 1180 locus
344 1120 459 1193 quidam
478 1120 598 1193 positus,
860 1128 938 1178 tuum
960 1127 992 1179 ut
1014 1137 1068 1194 per
1088 1121 1220 1179 meritum

199 1207 247 1266 ud
269 1206 422 1266 australem
446 1205 559 1279 plagam
581 1220 680 1265 versus
818 1205 971 1264 Sublimari
995 1223 1162 1265 mereamur

246 1293 348 1351 ductus
371 1296 415 1349 cst
435 1290 473 1350 ad
497 1291 602 1362 sanius
860 1292 897 1349 ad
922 1293 993 1350 coeli
1017 1293 1166 1366 palatium,

202 1379 258 1437 ilic
281 1379 326 1438 vir
348 1377 404 1435 Dei
426 1382 611 1435 conversatus
816 1379 877 1449 Quo
900 1378 1026 1451 gaudere
1047 1379 1191 1438 valeamus

242 1463 324 1521 aunis
346 1468 391 1520 est
414 1461 617 1535 compluribus.
860 1469 953 1520 tecum
978 1464 1007 1521 iu
1029 1470 1209 1537 perpetuum.

482 1602 509 1660 7.
533 1598 578 1657 Sit
600 1598 690 1657 honor
711 1599 788 1672 patri
809 1605 942 1677 natoque,

574 1684 637 1744 laus
660 1699 722 1743 cum
744 1690 843 1743 sancto
864 1684 987 1758 flamine,

534 1770 588 1842 Qui
608 1770 687 1828 Deus
709 1770 800 1829 trinus
823 1775 851 1828 et
872 1788 945 1830 uuus

576 1861 676 1929 regnat
697 1856 759 1914 siue
780 1862 918 1929 tempore,

536 1942 600 1999 Suis
622 1942 713 1999 servis
736 1939 909 2001 conferendo

575 2043 692 2099 regnum
714 2042 828 2100 semper
849 2028 965 2101 gloriae.

166 2231 176 2281 l
210 2163 360 2281 ⁴{irtemflma
379 2161 523 2212 Illerdcusc
541 2175 609 2211 saec.
631 2158 982 2226 15.00‹1.Capit.1110ruen.
1001 2179 1021 2212 a.
1040 2179 1064 2212 a
1084 2191 1117 2199 -
1134 2160 1159 2222 4,
1179 2160 1195 2212 6
1213 2169 1253 2212 eat
1270 2178 1329 2211 aum

149 2248 218 2297 puri
238 2247 269 2281 ua
315 2247 335 2280 a.

521 2496 582 2555 470.
617 2499 656 2554 lle
677 2500 773 2555 sancto
792 2496 963 2556 Victoriana.

621 2652 663 2707 lld
681 2654 852 2708 Nocturnum.

160 2818 188 2876 1.
212 2814 330 2873 Festive
350 2814 471 2888 plaudat
493 2829 609 2872 munere
766 2817 795 2873 5.
819 2813 886 2884 Sed,
909 2830 926 2871 o
949 2811 1018 2872 felix
1040 2814 1191 2888 Hesperia,

208 2903 369 2961 Conceptus
392 2899 497 2957 Christi
521 2899 641 2973 mystico
819 2899 945 2958 Felicior
967 2900 1084 2968 Aeonis,

205 2986 298 3061 Hujus
321 2985 378 3043 diei
402 2983 497 3042 debite
820 2984 912 3042 Gleba
935 2985 1007 3042 tanti
1031 2984 1199 3059 dignissima

206 3070 389 3130 Celebritatis
412 3070 528 3142 gloriae.
820 3070 909 3128 Potiri
932 3086 1003 3142 quae
1025 3071 1065 3128 sis
1087 3070 1199 3130 merita.

154 3230 181 3287 2.
206 3224 280 3284 Nam
303 3224 349 3281 hic
370 3239 452 3281 sacer
473 3223 621 3296 periurida
767 3226 796 3286 6.
819 3225 967 3297 condigna
990 3224 1044 3282 Dei
1065 3225 1149 3282 xenio

206 3311 322 3371 Galeam
344 3311 432 3369 saecli
456 3309 588 3367 machina
820 3310 1017 3384 Tripudiautis
1039 3310 1142 3384 gaudio

206 3398 240 3456 lu
262 3395 316 3455 heo
338 3395 385 3453 die
407 3395 562 3468 praecipua
820 3396 904 3454 Nunc
925 3396 1029 3469 plectri
1053 3396 1145 3455 dulcis
1166 3411 1289 3454 consono

206 3481 285 3541 Coeli
308 3481 473 3539 conscendit
495 3481 622 3541 aetliera.
818 3481 936 3539 Festum
958 3482 1077 3539 sustolle
1095 3481 1197 3554 jubilo.

157 3639 186 3696 3.
209 3635 262 3708 Qui
286 3636 396 3709 virgula
417 3632 547 3694 florifera
768 3637 795 3696 7.
821 3636 875 3710 Qui
898 3637 942 3694 sui
964 3634 1062 3693 florem
1084 3638 1207 3695 nominis

207 3721 265 3780 Sed
289 3738 351 3779 cum
373 3718 444 3778 flore
466 3717 615 3778 lructiiera
819 3723 880 3795 Ope
903 3722 998 3780 beavit
1019 3721 1124 3795 operis,

208 3807 353 3868 Processit
374 3822 409 3864 ex
431 3807 517 3864 ltalia
820 3808 959 3881 Chelydri
982 3819 1066 3879 caput
1089 3807 1182 3865 zabuli

208 3892 296 3952 Sacra
317 3908 479 3965 propagans
502 3891 618 3951 sentina.
818 3893 922 3952 Divino
942 3892 1067 3950 subdens
1089 3892 1210 3966 cuspidi.

155 4052 185 4109 4.
207 4049 294 4119 cnjus
315 4063 371 4104 nou
394 4061 497 4118 expers
521 4045 625 4116 Gallia,
769 4049 797 4107 8.
821 4049 884 4107 Hoc
906 4064 971 4106 nam
995 4047 1103 4105 victore
1126 4047 1217 4105 victus
1240 4055 1292 4122 est,

210 4133 303 4191 Polite
323 4147 424 4207 gerens
447 4132 556 4202 intima,
823 4133 875 4202 Qui
900 4133 1070 4204 protoplasti
1093 4133 1185 4190 victor
1206 4141 1259 4208 est,

208 4218 323 4277 Mollita
346 4218 412 4275 divo
435 4233 521 4275 saxea
823 4217 1022 4290 victoriaeque
1044 4219 1189 4291 particeps

208 4304 312 4366 cordis
335 4309 449 4361 nectare
471 4311 596 4375 pectora.
824 4303 1000 4360 Victorianus
1024 4304 1117 4361 dictus
1140 4311 1193 4367 cst,
