2918 4868
200 431 328 490 Froilani

242 516 340 589 prodit
362 516 485 587 devotio,

201 602 249 660 Fit
271 601 375 661 devota

243 687 338 746 cordis
360 687 462 764 oratio,

137 771 171 834 V.
202 772 302 832 Noctis
323 778 404 832 atrae

242 858 275 917 tit
296 858 326 916 in
348 858 431 917 initio

200 944 348 1004 claritatis

243 1027 388 1103 refulgens
410 1029 491 1090 visio.

147 1135 178 1194 2.
200 1132 351 1191 Benedicti

242 1216 388 1291 professus
409 1218 535 1290 regulam

199 1303 326 1361 Mentem
349 1302 435 1361 habet

246 1388 275 1446 in
298 1387 412 1447 Christo
434 1388 572 1464 sedulam,

201 1473 287 1533 Carni
310 1473 390 1531 dedit

243 1558 391 1617 doctrinae
413 1557 534 1617 ferulam

137 1646 169 1705 V.
200 1635 366 1703 Monachali

243 1730 340 1788 vivens
362 1728 415 1788 snb
436 1730 558 1804 tegmine

199 1815 339 1874 Mundum
362 1815 456 1888 replet

245 1900 342 1961 divino
364 1901 480 1964 semine.

147 2007 177 2066 3.
201 2003 377 2063 Constitutus

243 2089 272 2147 in
294 2089 418 2163 pueritie

201 2175 370 2234 Detestatur

242 2261 341 2319 mundi
363 2260 467 2320 solatia

200 2346 240 2405 Et
261 2346 392 2419 procedit

240 2432 401 2491 admontis
424 2433 517 2503 invia3

135 2517 170 2581 V.
201 2517 257 2575 Por
279 2517 353 2575 hunc
374 2525 443 2590 quot
464 2535 529 2591 pro-

241 2608 355 2661 mantur
377 2603 496 2676 eulogie,

199 2687 375 2746 Devotorum

241 2779 307 2831 sunt
330 2773 417 2831 verba
439 2773 546 2836 nuntia.

255 2946 294 3003 ln
318 2948 347 3004 2.
371 2943 579 3001 Nocturno.

327 3061 503 3127 antiphonae.

145 3168 174 3229 1.
197 3166 350 3226 Froilanus
372 3165 512 3239 prospicit

245 3253 321 3312 vitae
344 3252 512 3310 brevitatem

198 3337 236 3396 Et
257 3337 371 3396 affectat
390 3338 498 3411 jugiter

241 3423 313 3481 coeli
335 3424 504 3484 claritatem.

147 3528 175 3588 2.
199 3525 302 3584 Varias
324 3525 368 3584 vir
387 3525 498 3584 obtinet

241 3611 388 3671 columbas
411 3611 513 3683 colore,

199 3699 277 3769 Quae
299 3698 335 3756 dc
358 3697 429 3755 coeli
452 3697 581 3768 volitant,

243 3782 388 3842 concludit
409 3782 438 3840 in
461 3798 520 3843 oro.

147 3888 176 3945 3.
199 3885 268 3944 Mox
292 3884 423 3945 columba
445 3883 533 3943 rubea

241 3970 406 4029 subintrans
428 3970 531 4048 exurit,

199 4055 257 4115 Sed
281 4057 422 4116 demulcet
445 4056 548 4114 leniter

241 4142 315 4221 alba,
340 4157 412 4214 quae
434 4141 568 4201 cucurrit.

322 4261 508 4324 Responsoria

148 4350 175 4410 1.
199 4347 374 4410 incombusti

243 4433 342 4494 divina
362 4433 455 4508 gratia

619 255 825 319 ..96-

810 429 1002 504 Designantur

852 515 909 574 ista
930 515 1080 590 magnalia,

811 601 893 674 Quod
915 608 1073 674 purgentur

854 687 914 758 ojus
937 686 1066 759 eloquia3

811 772 893 832 Servi
915 772 970 831 Dei

855 857 964 915 clarent
983 856 1115 931 insignia,

813 944 998 1016 Summopere

854 1029 947 1102 gentis
969 1026 1065 1087 oificia

748 1117 783 1176 V.
813 1115 944 1174 Clamant
967 1115 1076 1172 cunctis

854 1201 915 1272 ejus
937 1199 1057 1272 eulogia,

812 1287 893 1356 Quod
914 1284 1064 1358 adspirent

854 1371 892 1430 ad
916 1370 987 1428 coeli
1008 1370 1122 1443 gaudia.

760 1477 790 1536 2.
812 1472 955 1532 Aedificat

854 1558 960 1632 triplex
983 1556 1148 1616 coenobium

813 1646 883 1706 Post
901 1659 1044 1702 recessum

854 1748 873 1789 a
894 1729 979 1787 celsis
1000 1728 1147 1800 montium,

812 1815 900 1892 Ordo,
924 1831 1018 1887 sexus,

855 1907 944 1971 aetas,
967 1897 1101 1976 officium,

812 1989 917 2049 Omnes
939 1991 1058 2044 currunt

856 2072 893 2132 ad
917 2070 1132 2146 monasterinm;

750 2159 785 2221 V.
814 2158 891 2218 ilino
912 2157 1045 2216 undecim

853 2248 973 2302 centena
993 2242 1115 2301 militum

813 2330 894 2390 Fecit
915 2333 1044 2387 sanctum

854 2414 992 2473 habentes
1016 2413 1157 2487 spiritum.

760 2522 787 2578 3.
813 2517 911 2578 Sancti
933 2516 1025 2590 patris

855 2620 906 2661 nos
925 2603 1027 2674 juvent
1049 2601 1159 2678 merita,

811 2690 900 2761 Cujus
922 2694 1003 2761 gesta

854 2774 1003 2832 laudamus
1025 2773 1133 2844 inclita,

812 2859 853 2920 Ut
874 2858 964 2932 ipsius

849 2946 983 3017 juvemur
1003 2942 1137 3016 precibus

811 3031 850 3090 Et
872 3031 1015 3088 coelorum

850 3118 1003 3189 jungamur
1024 3112 1148 3185 civibus3

747 3201 781 3262 V.
812 3203 868 3261 Per
890 3202 965 3259 hunc
988 3199 1048 3258 vita

852 3286 996 3360 praesenti
1022 3284 1144 3343 transita

812 3372 902 3432 Nobis
926 3372 1012 3430 detur

853 3474 957 3516 corona
978 3454 1101 3529 perdita.

864 3612 904 3671 In
925 3612 953 3670 3.
978 3611 1188 3669 Nocturno.

940 3718 1116 3784 Antiphonae.

760 3819 788 3880 1.
813 3817 929 3877 Patiens
952 3821 981 3873 et
1002 3815 1118 3874 humilis

854 3903 1020 3962 innocenter
1039 3901 1121 3972 vixit,

812 3988 895 4048 Diem
919 3988 962 4046 sui
984 3987 1079 4046 obitus

855 4080 883 4132 et
905 4075 1004 4133 horam
1026 4072 1180 4146 praedixit.

760 4182 789 4240 2.
811 4176 935 4250 Spiritus
959 4176 1073 4234 edocuit

855 4262 930 4320 hunc
951 4267 983 4320 ut
1003 4261 1166 4337 ceremiam,

814 4347 854 4408 Ut
876 4345 972 4407 futura
994 4352 1135 4418 nosceret,

856 4433 933 4493 clare
956 4432 1037 4493 dedit
1058 4431 1141 4493 viam.
