2918 4868
630 277 839 346 ,25-

193 455 249 514 Ad
272 455 393 514 Horas
416 456 673 528 Autipirouae.

338 575 379 625 Ad
397 575 520 624 Primam.

212 679 319 736 Mulier
340 679 444 737 amiota
464 679 534 750 sole,

253 765 362 824 Ornata
383 764 534 836 sideribus,

210 849 264 907 Est
284 849 378 909 Maria
401 850 487 924 digna
509 850 590 923 prole

252 935 384 1009 Regnans
407 936 435 993 in
459 934 641 995 coelestibus.

336 1070 378 1120 Ad
398 1071 523 1120 Tertiam.

208 1175 359 1234 Trinitatis
381 1175 535 1233 triclinium

251 1260 347 1320 Maria
369 1262 455 1333 piena
477 1260 569 1337 bouis,

208 1345 258 1403 Fit
279 1353 309 1403 et
331 1346 544 1405 reclinatorium

251 1431 373 1504 Supemi
396 1432 563 1494 Salomonis.

341 1566 382 1616 Ad
400 1567 514 1617 Surum.

207 1671 286 1730 Haeo
308 1678 352 1729 est
373 1671 475 1731 Judith
498 1670 658 1740 benedicta,

248 1759 326 1828 Quae
348 1774 400 1815 sua
420 1758 576 1832 sagacitate

206 1841 323 1901 Plebem
345 1849 443 1902 servat
466 1843 502 1902 ab
525 1840 634 1901 inflicta

250 1926 417 1987 Holoiemis
439 1928 591 2002 pravitate.

344 2062 384 2113 Ad
404 2064 515 2113 Nonam.

207 2167 287 2224 Haeo
309 2172 354 2224 est
377 2167 483 2225 Esther
504 2166 647 2236 redimita,

249 2253 328 2325 Quae
350 2268 400 2310 eor
422 2253 519 2325 placat
540 2252 658 2326 regium,

208 2339 265 2397 Per
286 2337 361 2396 hane
382 2337 460 2411 plebi
485 2338 570 2397 datur
592 2337 652 2396 vita

249 2423 288 2481 Et
309 2427 403 2484 Aman
425 2422 627 2496 suspendium

825 456 930 516 Divina
952 457 1095 530 praevisio

860 543 942 601 Hane
964 541 1154 602 sanctificavit

826 628 964 700 Haecque
983 645 1035 686 suo
1056 627 1116 686 filio

864 713 987 772 Matrem
1011 715 1205 786 praeparavit.

887 918 926 976 In
951 921 979 979 2.
1005 919 1200 990 vesperis.

933 1035 974 1086 Ad
991 1035 1154 1101 Magnificat.

824 1142 847 1201 0
870 1140 952 1214 virgo
974 1140 1127 1217 epicharis‚

865 1226 956 1298 Surge
977 1232 1008 1284 ut
1030 1242 1143 1300 aurora,

822 1312 927 1387 Maria,
951 1309 1015 1369 fons
1035 1310 1156 1387 jubaris,

861 1397 903 1458 Ut
924 1397 992 1454 luna
1014 1398 1129 1467 decora,

820 1483 923 1541 Electa
944 1499 962 1541 a
984 1482 1106 1541 Domino

866 1568 907 1628 Ut
928 1568 989 1626 sola
1009 1568 1142 1638 sanctita,

820 1652 939 1726 Absque
960 1653 1036 1711 omui
1058 1655 1179 1712 termino

865 1738 967 1798 Gratia
989 1737 1098 1798 iuloita.
1191 1814 1194 1821 Ι

822 1824 867 1883 Eu
890 1841 943 1883 nos
965 1822 1072 1897 foedat,
1095 1832 1125 1883 ut
1150 1841 1201 1883 nos
1219 1826 1315 1885 laedat

864 1910 938 1969 Caro
958 1911 1017 1968 suis
1039 1911 1168 1982 maculis,

820 1994 947 2054 Mundus
970 1995 1061 2070 surgit
1082 2001 1112 2052 et
1132 1995 1263 2072 insurgit,

863 2082 896 2139 ln
918 2098 970 2139 nos
994 2081 1132 2139 retiacula

822 2165 911 2226 Trahi
934 2166 1045 2239 quaerit
1066 2173 1151 2240 atque
1173 2163 1241 2224 ierit

864 2251 925 2311 Nos
947 2267 1010 2310 oum
1033 2252 1091 2309 suis
1111 2250 1225 2324 jaculis,

820 2337 864 2395 Te
884 2353 1036 2411 precamur
1058 2345 1087 2395 et
1109 2336 1265 2409 hortamur,

864 2423 949 2482 Salve
970 2440 1022 2482 nos
1046 2421 1090 2480 his
1112 2421 1244 2484 vinculis.

214 2542 291 2591 Brev.
317 2558 365 2591 ms.
388 2542 557 2592 Gerundense
580 2557 649 2593 ease.
674 2537 741 2594 ¹⁴lru.
768 2540 830 2592 eod.
854 2541 939 2606 Capit.
965 2541 1113 2591 Gerundau.
1136 2537 1162 2591 3.
1185 2566 1219 2576 -
1243 2542 1275 2591 In
1297 2539 1322 2592 2.

144 2611 219 2660 Noot.
239 2607 259 2658 Α
278 2607 306 2671 2,
334 2608 540 2661 lsanctiiioavit
557 2612 607 2661 Hs.
627 2640 658 2647 —
676 2606 697 2659 Α
715 2607 744 2672 2,
768 2606 785 2660 3
804 2611 879 2672 Quae
897 2616 987 2660 nostra
1001 2611 1050 2660 Hs.
1072 2607 1134 2657 -n
1154 2607 1181 2670 1,
1206 2607 1223 2659 2
1241 2615 1322 2677 temp·

144 2679 198 2729 ium
216 2679 365 2730 Salomonis
384 2686 431 2729 est.
450 2681 498 2730 Hs.
519 2709 552 2716 -
570 2677 588 2727 n
606 2676 637 2743 3,
657 2677 689 2729 14
706 2680 788 2729 sentis
801 2679 851 2728 Hs.
870 2680 945 2728 —Iu
964 2675 988 2729 3.
1000 2673 1109 2729 Noctii
1128 2675 1152 2738 2,
1171 2675 1188 2727 2
1205 2680 1323 2730 increata

143 2747 192 2797 Hs.
210 2776 244 2785 —
263 2750 316 2798 Das
346 2748 440 2798 testum
459 2747 644 2812 Conceptionis
668 2747 740 2797 ward
760 2749 788 2797 in
806 2749 911 2797 Geroua
929 2748 953 2797 ei
1006 2747 1078 2797 iirhrt
1094 2747 1175 2798 durch
1195 2746 1323 2812 Capitale·

146 2816 277 2867 besehluis
301 2833 362 2866 vom
387 2814 425 2866 11.
450 2817 525 2882 April
551 2813 624 2868 1330.
660 2816 720 2882 Vgl.
744 2815 794 2865 den
816 2816 950 2865 Wortlaut
992 2814 1076 2881 apafia
1097 2814 1210 2881 sagrada
1227 2815 1323 2876 XLIV,

142 2881 192 2934 327
209 2900 266 2951 sqq.
299 2886 434 2936 Betreiber
450 2884 497 2935 der
515 2884 722 2952 Angelegenheit
740 2900 795 2934 war
812 2883 859 2933 der
876 2885 972 2949 Propst
987 2885 1033 2933 des
1046 2884 1173 2949 Kapiteis,
1191 2884 1324 2935 Arualdna

143 2953 175 3002 de
192 2954 283 3004 Monte
310 2953 444 3012 Rotunda,
472 2955 500 3003 in
530 2953 588 3003 dem
615 2953 672 3002 also
700 2952 921 3017 moglicherweise
947 2952 1013 3002 auch
1047 2952 1094 3002 der
1117 2953 1254 3003 Veriaeser
1277 2953 1324 3004 des

143 3021 278 3072 Offioinms
296 3021 406 3089 gmueht
423 3021 526 3072 worden
544 3022 651 3071 iudanis.
670 3048 702 3056 —
720 3022 779 3071 Von
797 3021 896 3070 diesem
914 3020 1035 3071 Officium
1053 3021 1136 3079 redet,
1155 3021 1239 3071 leider
1255 3021 1323 3072 ohne

143 3107 171 3140 es
189 3091 303 3155 gusehen
321 3107 353 3141 su
371 3090 472 3151 haben,
496 3092 624 3151 Patrone,
644 3089 823 3155 Abhandlung
841 3090 906 3140 tiber
923 3090 967 3139 die
984 3089 1160 3139 dramatisehe
1177 3089 1323 3140 Definition

142 3158 189 3208 dor
212 3159 393 3210 unbefleekten
416 3159 510 3223 Empf'
569 3161 592 3209 is
618 3158 664 3209 dar
685 3159 732 3209 sei.
750 3158 881 3223 Junpfrau
899 3159 994 3208 Maria.
1032 3157 1148 3207 Dautseh
1171 3174 1224 3208 von
1241 3157 1321 3219 Diati,

143 3223 408 3293 Rogenaburg1855.
444 3221 504 3277 S.1
542 3265 548 3276 .

542 3495 570 3553 4.
606 3495 636 3553 iu
655 3493 825 3554 visitatione
844 3494 922 3552 uuv.

759 3663 787 3722 3.
818 3659 939 3718 Domum
962 3657 1081 3718 intravit
1102 3657 1209 3715 sterilis

819 3744 952 3806 Jueunda
974 3744 1053 3803 diota
1074 3743 1194 3802 audiens

819 3830 944 3889 Matrem
965 3829 1115 3888 clamantis
1138 3827 1263 3891 Domini.

759 3935 788 3992 4.
818 3933 852 3991 In
875 3937 974 3992 ventre
997 3928 1120 3990 fructum
1143 3928 1276 3990 deierans

818 4017 953 4091 Implevit
971 4016 1145 4076 desiderium

823 4104 911 4176 Virgo
933 4118 1040 4162 areana
1059 4102 1214 4163 viseerans.

758 4210 788 4269 s.
820 4205 898 4264 Deus
920 4205 999 4263 misit
1020 4203 1138 4264 verbum
1160 4219 1242 4262 auum

816 4290 856 4348 Et
877 4289 957 4349 flavit
977 4291 1095 4364 spiritua
1115 4291 1177 4361 ejus
1299 4354 1301 4359 ,

818 4375 945 4450 Virginis
967 4375 1043 4434 dona
1065 4375 1208 4448 detegens.

268 3661 307 3719 ln
332 3660 360 3721 1.
383 3658 578 3732 Vesperis.

335 3777 511 3842 antiphonae.

143 3884 172 3945 1.
204 3882 292 3956 Virga
312 3885 395 3944 Jesse
415 3882 609 3956 progreditur,

202 3968 303 4027 Virum
326 3968 507 4027 circumdans
528 3973 620 4042 utero,

200 4054 253 4125 Qui
277 4053 358 4113 sedet
379 4071 398 4112 a
421 4054 530 4112 dextris
548 4052 613 4113 Dei.

141 4212 170 4270 2.
199 4209 320 4282 Matres,
343 4209 424 4285 virgo
445 4216 474 4266 et
495 4208 612 4279 sterilis,

201 4295 233 4352 In
258 4302 357 4355 ventre
379 4301 497 4369 portant
517 4310 621 4368 pueros

201 4381 403 4440 Collaudautes
427 4380 587 4439 Dominum.
