2918 4868
611 296 839 360 -265-

137 470 166 526 5.
192 468 215 525 Ο
240 468 378 541 virginum
400 473 444 525 tot
467 469 574 526 milium
755 471 782 528 7.
806 470 829 528 0
853 469 1014 543 Agrippina
1034 471 1143 542 civitas,

188 553 390 611 Reverendum
410 555 589 628 martyrium,
806 554 948 625 Quantum
971 561 999 612 te
1022 572 1131 614 summa
1154 556 1246 615 deitas

190 639 268 708 Quae
294 655 347 696 vox
372 639 478 712 poterit
503 640 599 697 dicere
806 640 925 714 Dilexit,
949 656 1021 713 quae
1044 647 1087 699 tot
1109 641 1222 700 milibus

192 725 243 780 Vel
266 741 339 797 quae
362 725 459 798 lingua
482 727 650 798 exprimere.
806 726 848 783 Te
871 727 974 784 ditavit
995 727 1161 800 virginibus.

138 827 168 886 6.
192 826 387 885 Trucidantur
410 827 446 885 ab
470 827 599 885 hostibus
754 831 783 889 8.
807 829 850 886 Dc
873 829 1012 900 virginum
1037 829 1191 887 certamine

192 913 309 985 Cultus,
332 914 454 986 sagittis,
479 913 602 991 ensibus,
808 914 913 986 Finito,
938 913 1060 991 Christe,
1083 916 1208 974 carmine

190 998 299 1055 Passim
323 1014 375 1071 per
396 1016 480 1071 agros
504 997 634 1057 funditur
807 999 920 1073 Largiri
942 999 1148 1073 indulgentiam

193 1082 322 1156 Sanguis,
346 1085 393 1156 qui
416 1102 491 1141 nuuc
514 1085 681 1157 exquiritur.
806 1084 896 1143 Nobis
923 1085 994 1144 velis
1017 1092 1045 1142 et
1067 1086 1194 1158 gloriam.

497 1189 526 1246 9.
549 1185 650 1245 Gloria
672 1202 777 1259 sponso
801 1187 950 1260 virgiuum,

548 1270 649 1330 Gloria
671 1272 747 1343 patri
769 1272 902 1344 omnium,

549 1356 650 1415 Gloria
671 1372 753 1415 sacro
774 1354 883 1416 flamini

550 1440 594 1500 Sit
615 1448 739 1500 nuncet
760 1443 790 1500 in
812 1450 991 1516 perpetuum.

208 1560 283 1608 Brev.
305 1575 353 1608 ms.
379 1560 406 1609 S.
429 1559 566 1610 Benedicti
583 1559 772 1609 vallisoletani
796 1576 864 1610 saec.
891 1557 930 1610 14.
949 1559 1013 1610 eod.
1033 1560 1177 1611 Scorialeu.
1196 1564 1217 1611 P
1239 1565 1266 1613 11
1292 1561 1315 1613 l.

139 1628 170 1676 A.
190 1657 221 1662 —
244 1630 335 1677 ltiuru.
360 1645 408 1677 ms.
426 1631 591 1694 Legionense
617 1643 684 1677 saec.
711 1624 750 1676 15.
769 1628 831 1677 Cod.
850 1630 936 1691 Capit.
958 1626 1000 1678 36.
1021 1631 1050 1678 B.
1070 1655 1103 1663 -
1121 1626 1149 1689 2,
1173 1627 1190 1680 2
1212 1637 1316 1682 roseata

137 1699 166 1744 B.
186 1721 217 1731 -
237 1694 260 1757 2,
284 1694 301 1746 4
321 1698 409 1761 Digna
427 1697 524 1747 Clu-isti
544 1697 574 1745 B.
595 1723 627 1732 -
645 1693 669 1756 4,
693 1693 842 1762 ll'lamque
861 1699 980 1762 sequitur
997 1698 1027 1746 B.
1047 1727 1078 1734 —
1096 1696 1121 1758 5,
1140 1696 1157 1748 4
1175 1702 1315 1765 reprimere

137 1767 168 1814 A.
186 1792 219 1801 -
237 1765 261 1826 δ’,
280 1763 297 1814 3
315 1767 426 1831 Largire
444 1767 498 1815 AB.

522 1943 908 2022 mwmma

626 2086 657 2138 Iu
675 2085 820 2140 Laudibus.

144 2213 171 2269 1.
194 2211 257 2269 lam
282 2213 374 2286 surgit
396 2212 467 2270 hora
489 2213 584 2289 tertia,
755 2216 784 2273 4.
808 2210 884 2271 Hinc
905 2207 1010 2269 festiva
1028 2211 1193 2282 jucunditas

192 2301 253 2367 Qua
278 2298 401 2371 virgines
424 2300 565 2355 scandunt
587 2298 682 2356 coelos
809 2297 848 2354 Et
867 2296 995 2367 jucunda
1017 2293 1158 2354 festivitas

195 2383 294 2455 ibique
319 2383 416 2441 dulces
436 2384 545 2457 jugiter
809 2386 836 2442 A
859 2382 968 2440 cunctis
993 2383 1065 2440 coeli
1087 2381 1197 2440 civibus

194 2470 264 2528 Cum
287 2470 396 2540 angelis
420 2475 525 2528 canunt
547 2471 645 2529 melos.
808 2469 945 2528 Patratur
966 2467 996 2525 iu
1019 2467 1199 2528 coelestibus.

144 2575 174 2631 2.
198 2572 331 2629 Exsultat
354 2572 462 2630 coelum
485 2572 627 2642 laudibus,
756 2576 787 2632 5.
811 2571 895 2629 Laeti
917 2571 1015 2644 pusilli
1038 2577 1067 2627 et
1088 2570 1182 2643 magni

195 2658 265 2717 Cum
296 2657 417 2715 mundus
437 2658 529 2716 saevit
550 2658 703 2732 stragibus,
808 2659 886 2715 Ante
906 2657 1004 2716 sedem
1027 2661 1142 2714 cautant
1163 2655 1229 2728 agui

196 2744 271 2812 Quas
295 2743 383 2800 hostis
407 2741 473 2801 ferit
496 2744 610 2816 gladiis,
809 2742 947 2815 Novoque
973 2741 1165 2800 modulamina

196 2827 257 2885 Has
281 2828 412 2888 Christus
435 2830 527 2901 replet
550 2829 671 2902 gaudiis.
809 2828 989 2901 Depromuut
1011 2833 1076 2901 post
1099 2827 1263 2886 certamina.

145 2930 174 2990 3.
198 2931 221 2989 Ο
245 2948 328 3002 quam
350 2932 414 2988 luce
438 2931 564 2991 clarifica
757 2933 787 2991 6.
810 2933 869 2990 Vos
893 2945 969 3003 ergo,
993 2930 1117 3003 virgines
1139 2931 1212 3008 piae,

199 3017 284 3088 Virgo
305 3017 437 3075 ascendit
460 3017 576 3090 Ursule,
811 3016 917 3074 Natum
940 3015 1053 3088 placate
1075 3015 1194 3092 Mariae,

198 3102 318 3160 Turmas
341 3119 456 3160 suarum
480 3104 620 3176 virginum
811 3103 851 3162 Ut
875 3118 925 3159 nos
948 3105 1084 3176 purgatos
1107 3101 1176 3158 vitio

196 3187 338 3245 Recenset
361 3195 428 3246 ante
450 3188 612 3250 Dominum.
812 3186 869 3245 Suo
891 3187 968 3244 locet
988 3186 1107 3259 palatio.

503 3294 529 3352 7.
554 3291 655 3351 Gloria
677 3306 782 3364 sponso
809 3289 958 3362 virgiuum.

211 3408 285 3457 Brea.
304 3424 351 3456 ms.
367 3408 500 3458 Benedicti
517 3408 693 3458 Valisoletaui
718 3423 785 3457 saec.
806 3403 845 3456 14.
864 3406 930 3456 Cod.
948 3406 1092 3456 Scorialen.
1111 3407 1133 3455 P
1150 3408 1177 3456 11
1195 3404 1216 3456 l.
1235 3407 1266 3455 A.
1284 3433 1318 3442 -

146 3478 240 3526 Diurn.
265 3493 311 3525 ms.
331 3478 496 3541 Legioneuse
514 3493 582 3526 saec.
602 3475 642 3528 15.
660 3476 724 3526 Cod.
744 3476 829 3540 Capit
845 3477 988 3541 Legionem.
1009 3471 1051 3525 36.
1069 3476 1099 3525 B.
1118 3501 1151 3509 ·-
1172 3472 1193 3535 1,
1215 3472 1226 3524 1
1244 3475 1320 3537 selrlt3

142 3543 188 3593 der
207 3546 328 3607 Hymnus
352 3547 474 3610 beginnt:
499 3547 623 3610 Virgines
647 3545 776 3595 scandunt
793 3544 895 3594 eoelum
912 3545 942 3592 B.
961 3570 992 3578 —
1012 3539 1037 3603 3,
1061 3540 1220 3593 Altecousit
1236 3544 1267 3592 A.
1286 3569 1318 3578 -

143 3611 167 3672 5,
189 3611 200 3661 1
223 3615 332 3678 pusillos
352 3615 381 3662 A.
401 3640 433 3647 —
452 3615 507 3664 Der
525 3616 646 3678 llymuus
665 3613 735 3663 steht
753 3616 780 3663 iu
799 3614 894 3679 obigen
913 3613 1024 3675 Quellen
1044 3614 1071 3661 iu
1089 3611 1139 3662 den
1154 3612 1264 3674 Laudes,
1284 3614 1320 3662 ist

143 3683 206 3731 aber
224 3682 290 3731 nach
312 3680 334 3744 l,
356 3680 367 3730 l
388 3683 505 3732 offenbar
522 3684 564 3731 1111
581 3683 625 3733 die
640 3684 706 3733 Tere
724 3680 903 3748 geschriebeu.
1279 3707 1282 3714 ·

537 3881 1015 3956 mmmm2‘

596 4019 638 4073 Ad
657 4020 869 4089 Completorium.

146 4148 173 4204 1.
198 4147 244 4204 Ad
268 4148 437 4218 complenda
461 4146 556 4205 officia
757 4150 786 4208 2.
811 4146 851 4205 Ut
872 4146 1014 4203 excitetur
1036 4146 1150 4210 caritas,

198 4233 230 4288 ln
254 4249 337 4290 sacra
359 4233 490 4291 natalitia
813 4233 952 4289 Praesens
974 4238 1068 4290 movet.
1090 4231 1265 4298 solemnitas,

198 4318 354 4375 l’sallamus
378 4334 453 4375 nune
474 4315 610 4376 melliflua
810 4317 954 4390 Exsurgat
974 4323 1006 4374 ut
1027 4333 1108 4374 mens
1130 4316 1246 4389 torpida

199 4403 297 4460 Laude
321 4405 357 4461 ad
382 4404 489 4462 Christi
514 4403 640 4476 gloriam.
811 4407 856 4462 Ae
878 4400 989 4476 fragilis
1012 4409 1041 4459 et
1062 4402 1203 4463 morbida.
