2918 4868
602 253 836 319 -153-

317 428 504 493 Responsoria.
935 427 1120 492 Responsoria.

143 534 171 594 1.
193 531 316 591 Manens
338 533 408 592 baec
430 533 461 592 in
483 532 611 606 emporio
759 531 786 593 1.
810 530 881 591 Cum
903 531 1005 590 beatae
1026 531 1158 591 Marinae
1179 532 1298 605 spiritus

237 617 372 692 Fatigato
392 617 539 678 laboribus
810 617 912 696 Coelos
923 618 1063 676 scandere
1074 617 1179 694 coepit,
1194 617 1307 690 claruit,

281 703 423 778 Cupicbat
444 719 527 763 orare
811 703 893 775 Quod
915 703 977 776 eJus
997 702 1166 761 benedictus
1188 702 1281 761 exitus

195 788 276 847 Siout
296 789 327 848 in
349 789 530 863 monasterio,
810 787 999 848 Admirabilis
1023 787 1080 846 diei
1102 787 1202 865 valuit,

236 875 301 934 Suis
323 874 443 934 honesta
462 873 590 934 moribus
747 874 783 937 V.
810 874 884 934 Nam
906 872 1016 933 ordinis
1037 874 1171 933 introitus

282 960 316 1020 In
339 960 431 1019 Deum
453 961 588 1038 cogitare,
810 958 878 1020 Fuit
902 960 1046 1019 coelorum
1067 958 1172 1020 aditus.

132 1047 167 1110 V.
195 1046 281 1104 Velut
303 1046 333 1104 in
355 1047 481 1105 oratorio

237 1132 293 1190 Dei
315 1147 429 1205 semper
449 1130 604 1191 honoribus

281 1217 362 1277 Haeo
382 1217 533 1276 insistebat
554 1233 630 1279 ears.

758 1102 787 1160 2.
811 1097 925 1158 Christo
947 1098 1015 1172 paui
1037 1095 1151 1156 vivifico

854 1185 892 1244 Se
913 1183 1062 1256 coniunxit
1082 1181 1227 1258 alacriter,

809 1270 881 1329 Nam
904 1268 1005 1330 babitu
1026 1268 1182 1328 monastico

144 1358 174 1417 2.
197 1353 320 1415 Infamia
340 1371 394 1414 nec
416 1353 549 1430 frangere
852 1355 954 1415 Haesit
974 1355 1038 1414 Deo
1059 1353 1197 1431 totaliter,

239 1441 322 1500 Hanc
344 1446 439 1515 potest
459 1457 514 1515 per
534 1439 677 1512 tristitias,
811 1440 857 1502 Ex
879 1457 935 1515 quo
957 1441 1038 1515 siguo
1059 1438 1181 1498 mirifico

281 1527 363 1587 Licet
384 1528 448 1601 ipsa
469 1531 588 1599 teratur,
851 1527 933 1587 vixit
953 1531 1053 1585 saneta
1074 1525 1254 1597 mentaliter3

198 1612 258 1669 Nec
281 1614 428 1686 quisquam
451 1613 543 1685 ipsam
565 1617 682 1685 tangere
747 1612 783 1678 V.
810 1613 856 1672 De
876 1614 969 1686 patris
991 1610 1050 1670 fide
1071 1610 1169 1669 coelici

239 1697 304 1757 Per·
317 1698 369 1757 bas
391 1697 490 1757 mundi
512 1697 644 1775 delicias,
852 1697 1006 1758 Diuamata
1025 1697 1162 1773 letaliter,

280 1784 319 1842 ut
341 1789 435 1843 tamen
459 1781 637 1854 diffamatum
811 1781 849 1842 Sa
870 1783 933 1842 Deo
952 1783 1048 1856 junxit
1070 1782 1162 1856 unico,

133 1869 168 1928 V.
197 1868 304 1927 Malum
327 1869 426 1942 nequit
447 1868 522 1928 huuc
543 1883 648 1944 sugere
853 1869 895 1931 Ut
916 1869 955 1928 sit
976 1883 1086 1927 meroes
1107 1866 1243 1930 finaliter.

242 1955 299 2014 Per
319 1970 475 2028 poenorum
496 1953 652 2028 molestias,

281 2039 388 2112 Quibus
410 2039 474 2113 ipsa
494 2039 630 2100 laetatur.
760 2009 789 2069 3·
810 2007 886 2152 Assss
903 2007 1158 2152 ffioeffidnm

145 2179 174 2236 3.
197 2176 280 2235 Licet
299 2192 423 2250 persona
445 2175 559 2250 debilis,
812 2178 929 2241 Habens
949 2177 1117 2251 patientiam

198 2260 312 2320 Virtute
333 2268 427 2321 temen
449 2261 554 2322 nobilis
855 2264 943 2338 Virgo
964 2269 1073 2339 sancta,
1096 2278 1177 2338 pura,

240 2347 368 2421 Benigne
390 2356 585 2424 conversatur,
808 2350 856 2410 Sic
878 2365 931 2423 per
952 2349 1121 2423 sapientiam

197 2432 262 2492 Etsi
283 2449 351 2493 caro
372 2435 412 2493 sit
432 2431 553 2509 fragilis,
855 2434 956 2495 Coelos
977 2435 1134 2506 intratura,

196 2520 231 2578 ln
253 2534 287 2577 ea
308 2535 423 2594 semper
443 2519 555 2579 stabilis
749 2507 784 2583 V.
810 2520 945 2595 Corporis
967 2519 1124 2594 regentium

240 2604 427 2680 Nequaquam
449 2611 611 2680 superatur,
812 2608 908 2681 Atque
931 2606 1132 2665 eontinentiem

135 2691 171 2755 V.
197 2691 299 2751 Puella
320 2692 461 2765 quaedum
484 2690 588 2771 labilis,
855 2691 918 2753 Viri
941 2692 1034 2751 cernit
1059 2707 1136 2752 eura

199 2776 328 2835 Peoeatis
349 2777 419 2836 diris
441 2775 555 2849 babilis,

240 2863 323 2922 Hanc
345 2869 472 2922 sanctam
495 2863 672 2923 criminatur.

895 2932 935 2991 lu
958 2930 1166 2996 Laudibus.

941 3050 1116 3116 Antipbouas.

269 3103 309 3161 In
332 3106 361 3164 3.
385 3103 590 3164 Nocturno.
763 3156 790 3218 1·
813 3156 837 3215 0
858 3155 974 3215 Matina
995 3155 1134 3230 speciosa,

327 3221 502 3288 Antiphouae.
814 3242 902 3314 Cujus
920 3241 1031 3314 purim
1054 3241 1160 3300 dom

148 3327 175 3387 1.
198 3323 313 3383 Mariua
334 3326 530 3400 purgatorium
855 3327 935 3385 Inter
954 3326 1032 3385 viros
1052 3325 1146 3403 latuit,

241 3411 276 3469 In
298 3411 403 3470 mundo
422 3411 582 3471 sustinebat
813 3412 870 3471 Sed
891 3413 921 3471 in
942 3417 1035 3471 morte
1055 3411 1180 3485 gloriosa

201 3494 367 3570 Corpusquc
387 3495 612 3571 perfunctorium
814 3497 970 3572 Virginitas
993 3501 1050 3556 tum
1074 3497 1179 3556 deeora

242 3581 407 3641 Femineum
430 3582 582 3645 condebat.
855 3583 972 3642 Cuneus
995 3583 1074 3642 alara
1095 3583 1198 3657 patuit.

149 3722 178 3782 2.
201 3720 362 3780 Ostendens
385 3737 416 3780 se
434 3722 495 3794 Jum
517 3721 673 3780 masculum
761 3725 790 3783 2.
814 3719 934 3794 Semper
955 3719 1027 3779 haee
1047 3720 1139 3794 patris
1158 3719 1286 3794 jussibus

242 3806 344 3880 Inique
366 3806 536 3880 diffamatur,
856 3805 1012 3865 Humiliter
1030 3804 1154 3879 parebat

201 3890 258 3949 Sed
279 3892 360 3966 quasi
382 3909 435 3967 per
454 3893 622 3952 miraculum
814 3891 876 3951 Nee
897 3908 929 3951 se
953 3892 1025 3951 dans
1047 3889 1132 3950 rebus
1154 3890 1259 3952 vilibus

244 3977 359 4037 Canem
380 3978 553 4045 notificatur.
856 3977 971 4037 cbristo
992 3992 1024 4036 se
1045 3974 1220 4039 conferebat.

149 4115 177 4174 3.
201 4112 342 4175 Hortatur
362 4122 445 4191 pater
466 4119 601 4191 genitam,
765 4119 793 4178 3.
816 4117 897 4176 Inter
918 4119 1021 4175 cuncta
1043 4112 1180 4174 coenobia

244 4198 285 4259 Ut
305 4208 401 4261 servet
422 4219 453 4261 se
475 4202 604 4276 honeste,
855 4202 956 4274 Tuum,
977 4201 1066 4274 virgo,
1089 4200 1233 4272 laudetur,

201 4283 263 4343 Nec
285 4294 399 4361 reputet
418 4305 450 4347 se
472 4290 624 4363 perditam,
814 4288 848 4347 Iu
870 4303 926 4360 quo
947 4286 1002 4347 viri
1025 4285 1137 4345 colobia

240 4371 273 4431 si
294 4375 427 4434 convivat
448 4375 584 4436 modeste.
858 4371 969 4447 Corpus
989 4379 1069 4431 tuum
1090 4375 1196 4430 tuetur.
