2918 4868
604 302 841 366 -165-

257 476 298 535 In
321 479 349 540 3.
373 476 580 537 Nocturno.

333 577 509 644 Antiphonae.

155 665 182 724 1.
206 666 322 724 Pastum
344 666 441 740 palma
463 666 610 739 praestitit

246 752 321 810 Huic
343 751 474 825 pluribus
496 753 589 824 annis,

205 837 338 896 Stramen
361 838 461 895 humus
484 837 604 909 exstitit,

246 922 386 981 Haustnm
409 922 489 981 dedit
512 923 612 982 amnis.

151 1026 179 1084 2.
203 1024 314 1083 Militat
335 1026 365 1083 in
387 1027 449 1085 acie

247 1110 329 1185 Pugil
352 1110 459 1170 Christi
482 1110 575 1189 fortis,

206 1196 341 1269 Corporis
363 1196 416 1255 sub
439 1198 530 1256 macie

248 1281 368 1341 Fulmen
391 1290 434 1341 est
454 1283 604 1344 Mavortis.

151 1385 179 1445 3.
203 1383 324 1443 Fontem
348 1385 423 1444 vitae
445 1387 544 1444 sitiens

244 1470 380 1529 Eremnm
402 1471 514 1544 petivit,

203 1557 264 1614 lter
286 1563 400 1628 patrnm
422 1556 556 1630 gradiens

244 1641 293 1699 Ad
316 1642 424 1700 coelum
447 1641 591 1703 transivit.

330 1777 516 1842 Responsoria.

152 1863 179 1923 1.
204 1862 320 1921 Patmm
343 1863 416 1922 mira

245 1963 367 2022 sequens
390 1949 510 2024 vestigia

204 2033 286 2093 Novo
308 2034 382 2093 calle

247 2121 383 2179 virtutum
406 2120 546 2195 graditur,

206 2206 262 2263 Per
283 2223 365 2278 quem
388 2223 492 2279 magna

247 2292 322 2350 vitae
344 2293 477 2366 prodigia

205 2377 388 2450 Peragrondo

246 2479 344 2520 nemus
367 2464 543 2538 adsequitur,

141 2546 176 2605 V.
202 2545 289 2606 Nulla
311 2565 429 2621 prorsus

249 2632 368 2692 horrens
391 2636 557 2694 discrimina

206 2717 289 2776 Solus
311 2719 399 2778 intrat

248 2805 336 2862 eremi
358 2807 465 2869 limina

154 2907 182 2964 2.
206 2906 300 2965 Antra
321 2916 421 2981 petens

250 2995 341 3063 optati
365 2997 487 3054 nemoris

208 3078 400 3138 Conversatur

251 3178 314 3220 cum
335 3161 403 3222 feris
422 3167 539 3239 jugiter,

207 3246 400 3308 Fatisoentes-

250 3349 305 3405 qne
326 3341 406 3393 ortus
428 3337 556 3410 corporis

210 3415 316 3491 Sparso
338 3421 410 3493 tegit

253 3505 330 3562 crine
352 3506 486 3578 tenuiter,

146 3588 180 3650 V.
210 3588 304 3648 Renes
327 3590 415 3664 cingit

254 3675 380 3735 hirsutus
402 3677 520 3748 hedera,

211 3759 260 3818 Sic
281 3763 438 3835 pertransit

202 3838 205 3844 ’
253 3849 341 3905 eremi
364 3846 492 3910 foedera.

265 4018 307 4076 In
330 4022 359 4080 3.
383 4019 588 4082 Nocturno.

338 4120 515 4187 Antiphonem

159 4205 186 4263 1.
210 4205 285 4262 Aeto
307 4221 391 4266 cnrsn
414 4211 605 4282 Paphnutinm

254 4293 365 4353 Mundo
388 4311 440 4368 pro
462 4297 506 4354 sui
528 4295 641 4354 nomine

212 4381 384 4440 Venerando
407 4380 457 4439 det
478 4382 607 4440 nuntium

253 4467 369 4540 anens
387 4466 472 4527 Eliae
494 4466 618 4526 homine.

767 480 796 539 2.
820 476 930 549 Corpus
952 493 1074 556 sacmm,
1097 479 1174 551 quod
1197 476 1292 537 fuerat

862 563 919 621 Diu
940 559 1062 622 fractum
1084 563 1239 637 algoribus,

819 649 853 708 In
877 656 967 707 morte
990 655 1105 707 cunctas
1126 656 1244 722 saperet

862 735 1048 808 Fmgrantias
1071 734 1217 795 odoribus.

767 839 796 897 3.
819 836 949 911 Migrans
971 853 1007 895 ex
1030 837 1084 896 boc
1105 838 1230 913 saeculo,

862 922 976 981 Meritis
998 923 1121 997 adeptus

820 1008 939 1067 Veniam
962 1024 1015 1082 pro
1035 1008 1152 1085 populo,

863 1093 918 1152 Est
939 1094 1018 1153 coelo
1041 1101 1182 1167 receptus.

942 1247 1129 1312 Responaoria

769 1351 796 1410 1.
819 1353 961 1423 Quantum
984 1350 1081 1424 decus,

862 1443 968 1509 quanta
986 1436 1163 1515 jucunditas,

819 1521 916 1593 Qualis
938 1523 1015 1580 inest
1110 1520 1134 1564 ⁰

863 1604 957 1665 funeri
979 1606 1105 1679 claritas,

820 1693 932 1765 Quanta
953 1692 1005 1751 tibi

864 1779 949 1837 datur
971 1776 1104 1851 felicitae,

820 1863 891 1922 Cum
915 1864 1045 1924 eoelestis

865 1950 949 2009 adest
970 1950 1107 2009 societas!

756 2035 790 2095 V.
820 2034 951 2108 Oquam
973 2033 1052 2109 felix,

864 2137 947 2193 quem
969 2121 1015 2178 leo
1034 2121 1165 2197 tumulat,

821 2207 911 2276 Quam
932 2206 1109 2279 praeclarus,

776 2329 779 2333 «
863 2308 947 2364 quem
969 2293 1014 2351 leo
1037 2292 1162 2365 bajulat!

769 2397 797 2454 2.
821 2393 896 2452 Dum
916 2395 1060 2468 baptistae
1083 2399 1179 2453 votnm
1199 2396 1282 2467 gerit,

863 2481 957 2538 Antra
981 2480 1053 2552 petit
1075 2480 1173 2552 eremi,

821 2566 932 2638 Corpus
954 2566 1039 2624 humo
1057 2566 1157 2637 jacens
1179 2567 1248 2624 terit

863 2650 949 2710 Hirto
970 2651 1096 2710 subdens
1119 2650 1245 2728 tegmini,

822 2736 870 2794 Sic
892 2737 1070 2810 triumphans
1092 2742 1190 2794 nostro
1212 2737 1321 2810 quaerit

862 2822 983 2882 Veniam
1003 2821 1169 2895 pascamini,

759 2907 793 2969 V.
820 2907 926 2980 Optato
948 2924 1023 2966 nnnc
1045 2906 1100 2966 Dei
1123 2906 1205 2966 vulta

822 2993 949 3071 Fruitur,
973 2999 1136 3052 sanctorum
1159 2992 1238 3050 cultu

866 3079 944 3139 Coeli
964 3080 1080 3151 jnnctue
1100 3077 1216 3152 agmini.

1291 3223 1304 3253 0

902 3268 944 3327 In
972 3267 1180 3330 Laudibus.

954 3385 1129 3451 Antiphonae.
1159 3370 1162 3378 ’

774 3490 800 3550 1.
824 3489 931 3549 Saevos
953 3490 1046 3549 vietor
1068 3489 1192 3548 bostium

868 3576 1006 3636 Catervas
1028 3575 1197 3649 prostravit,

825 3662 859 3720 In
882 3661 963 3732 enjus
984 3660 1160 3734 praesidium

867 3745 1007 3805 Dominus
1030 3746 1169 3820 regnavit.

773 3854 802 3911 2.
826 3850 850 3910 0
872 3866 957 3922 quam
978 3848 1055 3907 mitis
1077 3850 1199 3909 tumulat

868 3936 979 4008 Corpus
999 3933 1081 3994 ferox
1103 3937 1158 4008 leo,

827 4020 881 4092 Qui
902 4020 974 4080 baec
997 4020 1072 4079 dona
1095 4021 1229 4098 cumulat,

870 4104 997 4165 anilate
1019 4105 1090 4166 Deo.

774 4213 802 4271 3.
827 4208 942 4282 Recipit
962 4207 1011 4266 hic
1033 4208 1142 4268 veniam

870 4295 963 4367 Herp'ns
987 4309 1074 4367 prece
1096 4309 1161 4351 reus

826 4380 866 4438 Et
886 4385 953 4453 post
973 4385 1093 4438 mortem
1114 4377 1242 4452 gloriam,

869 4465 957 4538 Deus,
979 4463 1059 4524 Deus
1080 4479 1168 4525 meus.
