<?xml version="1.0" encoding="UTF-8"?>
<!DOCTYPE html PUBLIC "-//W3C//DTD XHTML 1.0 Transitional//EN"
    "http://www.w3.org/TR/xhtml1/DTD/xhtml1-transitional.dtd">
<html xmlns="http://www.w3.org/1999/xhtml" xml:lang="en" lang="en">
 <head>
  <title>
</title>
<meta http-equiv="Content-Type" content="text/html;charset=utf-8" />
  <meta name='ocr-system' content='tesseract 3.04.00' />
  <meta name='ocr-capabilities' content='ocr_page ocr_carea ocr_par ocr_line ocrx_word'/>
</head>
<body>
  <div class='ocr_page' id='page_1' title='image "./hymnodiahiberic00drevgoog_0196.png"; bbox 0 0 2918 4868; ppageno 0'>
   <div class='ocr_carea' id='block_1_1' title="bbox 593 283 820 347">
    <p class='ocr_par' dir='ltr' id='par_1_1' title="bbox 593 283 820 347">
     <span class='ocr_line' id='line_1_1' title="bbox 593 283 820 347; baseline -0.004 0"><span class='ocrx_word' id='word_1_1' title='bbox 593 283 820 347; x_wconf 84' lang='lat'>-189-</span> 
     </span>
    </p>
   </div>
   <div class='ocr_carea' id='block_1_2' title="bbox 120 454 1296 788">
    <p class='ocr_par' dir='ltr' id='par_1_2' title="bbox 120 454 1296 788">
     <span class='ocr_line' id='line_1_2' title="bbox 120 454 1169 531; baseline 0.002 -17"><span class='ocrx_word' id='word_1_2' title='bbox 120 458 149 514; x_wconf 81' lang='lat'><strong>5.</strong></span> <span class='ocrx_word' id='word_1_3' title='bbox 174 454 219 513; x_wconf 79' lang='lat' dir='ltr'><strong>ad</strong></span> <span class='ocrx_word' id='word_1_4' title='bbox 244 472 357 513; x_wconf 88' lang='lat' dir='ltr'><strong>sacrum</strong></span> <span class='ocrx_word' id='word_1_5' title='bbox 381 458 461 528; x_wconf 90' lang='lat' dir='ltr'><strong>eujus</strong></span> <span class='ocrx_word' id='word_1_6' title='bbox 485 458 623 516; x_wconf 86' lang='lat' dir='ltr'><strong>tumulum</strong></span> <span class='ocrx_word' id='word_1_7' title='bbox 738 460 765 518; x_wconf 81' lang='lat'><strong>7.</strong></span> <span class='ocrx_word' id='word_1_8' title='bbox 789 458 868 530; x_wconf 80' lang='lat' dir='ltr'><strong>lesu,</strong></span> <span class='ocrx_word' id='word_1_9' title='bbox 892 473 945 531; x_wconf 87' lang='lat' dir='ltr'><strong>per</strong></span> <span class='ocrx_word' id='word_1_10' title='bbox 967 459 1053 516; x_wconf 85' lang='lat' dir='ltr'><strong>istum</strong></span> <span class='ocrx_word' id='word_1_11' title='bbox 1076 457 1169 530; x_wconf 88' lang='lat' dir='ltr'><strong>abjice</strong></span> 
     </span>
     <span class='ocr_line' id='line_1_3' title="bbox 174 540 1255 615; baseline 0 -16"><span class='ocrx_word' id='word_1_12' title='bbox 174 540 258 599; x_wconf 91' lang='lat' dir='ltr'><strong>Vires</strong></span> <span class='ocrx_word' id='word_1_13' title='bbox 279 548 423 601; x_wconf 80' lang='lat' dir='ltr'><strong>restauras</strong></span> <span class='ocrx_word' id='word_1_14' title='bbox 446 543 576 615; x_wconf 87' lang='lat' dir='ltr'><strong>perditas</strong></span> <span class='ocrx_word' id='word_1_15' title='bbox 790 542 960 603; x_wconf 87' lang='lat' dir='ltr'><strong>Nostrorum</strong></span> <span class='ocrx_word' id='word_1_16' title='bbox 983 544 1071 602; x_wconf 90' lang='lat' dir='ltr'><strong>moles</strong></span> <span class='ocrx_word' id='word_1_17' title='bbox 1094 543 1255 615; x_wconf 86' lang='lat' dir='ltr'><strong>criminum,</strong></span> 
     </span>
     <span class='ocr_line' id='line_1_4' title="bbox 174 624 1202 702; baseline 0.002 -18"><span class='ocrx_word' id='word_1_18' title='bbox 174 624 214 684; x_wconf 88' lang='lat' dir='ltr'><strong>Et</strong></span> <span class='ocrx_word' id='word_1_19' title='bbox 236 642 350 685; x_wconf 91' lang='lat' dir='ltr'><strong>caecum</strong></span> <span class='ocrx_word' id='word_1_20' title='bbox 373 644 457 686; x_wconf 88' lang='lat' dir='ltr'><strong>sanas</strong></span> <span class='ocrx_word' id='word_1_21' title='bbox 479 629 599 699; x_wconf 84' lang='lat' dir='ltr'><strong>oculum,</strong></span> <span class='ocrx_word' id='word_1_22' title='bbox 789 629 877 687; x_wconf 88' lang='lat' dir='ltr'><strong>Vultu</strong></span> <span class='ocrx_word' id='word_1_23' title='bbox 899 645 1050 702; x_wconf 82' lang='lat' dir='ltr'><strong>precamur</strong></span> <span class='ocrx_word' id='word_1_24' title='bbox 1072 629 1202 702; x_wconf 80' lang='lat' dir='ltr'>supplice</span> 
     </span>
     <span class='ocr_line' id='line_1_5' title="bbox 174 711 1296 788; baseline 0.002 -18"><span class='ocrx_word' id='word_1_25' title='bbox 174 711 301 788; x_wconf 86' lang='lat' dir='ltr'><strong>Olnx,</strong></span> <span class='ocrx_word' id='word_1_26' title='bbox 327 713 441 772; x_wconf 87' lang='lat' dir='ltr'><strong>beata</strong></span> <span class='ocrx_word' id='word_1_27' title='bbox 461 714 638 773; x_wconf 78' lang='lat' dir='ltr'><strong>trinitas.</strong></span> <span class='ocrx_word' id='word_1_28' title='bbox 788 716 837 774; x_wconf 91' lang='lat' dir='ltr'><strong>Te</strong></span> <span class='ocrx_word' id='word_1_29' title='bbox 855 715 954 772; x_wconf 88' lang='lat' dir='ltr'><strong>lucis</strong></span> <span class='ocrx_word' id='word_1_30' title='bbox 975 721 1064 773; x_wconf 90' lang='lat' dir='ltr'><strong>ante</strong></span> <span class='ocrx_word' id='word_1_31' title='bbox 1085 715 1296 772; x_wconf 90' lang='lat' dir='ltr'><strong>terminum.</strong></span> 
     </span>
    </p>
   </div>
   <div class='ocr_carea' id='block_1_3' title="bbox 121 831 1298 1160">
    <p class='ocr_par' dir='ltr' id='par_1_3' title="bbox 121 831 1298 1160">
     <span class='ocr_line' id='line_1_6' title="bbox 121 831 1092 908; baseline -0.001 -15"><span class='ocrx_word' id='word_1_32' title='bbox 121 836 149 893; x_wconf 85' lang='lat'><strong>6.</strong></span> <span class='ocrx_word' id='word_1_33' title='bbox 174 831 217 891; x_wconf 88' lang='lat' dir='ltr'><strong>Ob</strong></span> <span class='ocrx_word' id='word_1_34' title='bbox 241 833 293 890; x_wconf 88' lang='lat' dir='ltr'><strong>hoc</strong></span> <span class='ocrx_word' id='word_1_35' title='bbox 315 832 419 890; x_wconf 88' lang='lat' dir='ltr'><strong>chorus</strong></span> <span class='ocrx_word' id='word_1_36' title='bbox 441 834 606 891; x_wconf 86' lang='lat' dir='ltr'><strong>solemniter</strong></span> <span class='ocrx_word' id='word_1_37' title='bbox 735 836 764 896; x_wconf 83' lang='lat'><strong>8.</strong></span> <span class='ocrx_word' id='word_1_38' title='bbox 788 835 833 895; x_wconf 87' lang='lat' dir='ltr'><strong>Sit</strong></span> <span class='ocrx_word' id='word_1_39' title='bbox 855 834 978 893; x_wconf 78' lang='lat' dir='ltr'><strong>trinitati</strong></span> <span class='ocrx_word' id='word_1_40' title='bbox 999 834 1092 908; x_wconf 79' lang='lat' dir='ltr'><strong>gloria</strong></span> 
     </span>
     <span class='ocr_line' id='line_1_7' title="bbox 173 917 1190 994; baseline 0 -18"><span class='ocrx_word' id='word_1_41' title='bbox 173 919 206 976; x_wconf 96' lang='lat' dir='ltr'><strong>ln</strong></span> <span class='ocrx_word' id='word_1_42' title='bbox 230 919 291 989; x_wconf 86' lang='lat' dir='ltr'><strong>ejus</strong></span> <span class='ocrx_word' id='word_1_43' title='bbox 312 917 427 977; x_wconf 90' lang='lat' dir='ltr'><strong>laudem</strong></span> <span class='ocrx_word' id='word_1_44' title='bbox 450 929 565 978; x_wconf 87' lang='lat' dir='ltr'><strong>resonat</strong></span> <span class='ocrx_word' id='word_1_45' title='bbox 788 920 931 994; x_wconf 81' lang='lat' dir='ltr'><strong>Regnanti</strong></span> <span class='ocrx_word' id='word_1_46' title='bbox 953 937 1041 991; x_wconf 88' lang='lat' dir='ltr'><strong>snper</strong></span> <span class='ocrx_word' id='word_1_47' title='bbox 1061 919 1190 984; x_wconf 81' lang='lat' dir='ltr'><strong>aethera,</strong></span> 
     </span>
     <span class='ocr_line' id='line_1_8' title="bbox 174 1003 1214 1080; baseline -0.001 -18"><span class='ocrx_word' id='word_1_48' title='bbox 174 1003 317 1074; x_wconf 84' lang='lat' dir='ltr'><strong>Hymnum</strong></span> <span class='ocrx_word' id='word_1_49' title='bbox 342 1021 446 1063; x_wconf 81' lang='lat' dir='ltr'><strong>novum</strong></span> <span class='ocrx_word' id='word_1_50' title='bbox 470 1005 658 1080; x_wconf 86' lang='lat' dir='ltr'><strong>concorditer,</strong></span> <span class='ocrx_word' id='word_1_51' title='bbox 788 1006 865 1076; x_wconf 82' lang='lat' dir='ltr'><strong>Quae</strong></span> <span class='ocrx_word' id='word_1_52' title='bbox 889 1004 971 1062; x_wconf 91' lang='lat' dir='ltr'><strong>nobis</strong></span> <span class='ocrx_word' id='word_1_53' title='bbox 995 1006 1045 1063; x_wconf 88' lang='lat' dir='ltr'><strong>det</strong></span> <span class='ocrx_word' id='word_1_54' title='bbox 1066 1006 1095 1063; x_wconf 93' lang='lat' dir='ltr'><strong>in</strong></span> <span class='ocrx_word' id='word_1_55' title='bbox 1118 1004 1214 1078; x_wconf 91' lang='lat' dir='ltr'><strong>patria</strong></span> 
     </span>
     <span class='ocr_line' id='line_1_9' title="bbox 174 1089 1298 1160; baseline 0.003 -14"><span class='ocrx_word' id='word_1_56' title='bbox 174 1089 245 1146; x_wconf 84' lang='lat' dir='ltr'><strong>Vox</strong></span> <span class='ocrx_word' id='word_1_57' title='bbox 265 1089 376 1160; x_wconf 88' lang='lat' dir='ltr'><strong>clara,</strong></span> <span class='ocrx_word' id='word_1_58' title='bbox 401 1106 495 1159; x_wconf 73' lang='lat' dir='ltr'><strong>eece,</strong></span> <span class='ocrx_word' id='word_1_59' title='bbox 522 1091 666 1150; x_wconf 89' lang='lat' dir='ltr'><strong>intonat.</strong></span> <span class='ocrx_word' id='word_1_60' title='bbox 788 1090 1119 1149; x_wconf 77' lang='lat' dir='ltr'><strong>AeternaChristi</strong></span> <span class='ocrx_word' id='word_1_61' title='bbox 1136 1106 1298 1149; x_wconf 93' lang='lat' dir='ltr'><strong>munera.</strong></span> 
     </span>
    </p>
   </div>
   <div class='ocr_carea' id='block_1_4' title="bbox 190 1179 1298 1273">
    <p class='ocr_par' dir='ltr' id='par_1_4' title="bbox 190 1179 1298 1273">
     <span class='ocr_line' id='line_1_10' title="bbox 190 1179 1298 1273; baseline -0.001 -17"><span class='ocrx_word' id='word_1_62' title='bbox 190 1207 272 1256; x_wconf 86' lang='lat' dir='ltr'><strong>Psalt.</strong></span> <span class='ocrx_word' id='word_1_63' title='bbox 284 1206 464 1257; x_wconf 88' lang='lat' dir='ltr'><strong>Pallantiunm</strong></span> <span class='ocrx_word' id='word_1_64' title='bbox 478 1179 539 1272; x_wconf 81' lang='lat' dir='ltr'><strong>imp.</strong></span> <span class='ocrx_word' id='word_1_65' title='bbox 547 1209 674 1257; x_wconf 84' lang='lat' dir='ltr'><strong>Lucronii</strong></span> <span class='ocrx_word' id='word_1_66' title='bbox 687 1204 760 1258; x_wconf 82' lang='lat'><strong>1512.</strong></span> <span class='ocrx_word' id='word_1_67' title='bbox 770 1231 804 1243; x_wconf 86' lang='lat'>-</span> <span class='ocrx_word' id='word_1_68' title='bbox 813 1206 887 1257; x_wconf 82' lang='lat' dir='ltr'><strong>Mel:</strong></span> <span class='ocrx_word' id='word_1_69' title='bbox 901 1207 1103 1273; x_wconf 83' lang='lat' dir='ltr'><strong>Congandentes</strong></span> <span class='ocrx_word' id='word_1_70' title='bbox 1115 1223 1175 1257; x_wconf 87' lang='lat' dir='ltr'><strong>enm</strong></span> <span class='ocrx_word' id='word_1_71' title='bbox 1187 1206 1298 1271; x_wconf 77' lang='lat' dir='ltr'><strong>angelis.</strong></span> 
     </span>
    </p>
   </div>
   <div class='ocr_carea' id='block_1_5' title="bbox 529 1442 890 1500">
    <p class='ocr_par' dir='ltr' id='par_1_5' title="bbox 529 1442 890 1500">
     <span class='ocr_line' id='line_1_11' title="bbox 529 1442 890 1500; baseline -0.003 -1"><span class='ocrx_word' id='word_1_72' title='bbox 529 1442 590 1500; x_wconf 82' lang='grc'><strong>324.</strong></span> <span class='ocrx_word' id='word_1_73' title='bbox 626 1443 665 1500; x_wconf 87' lang='lat' dir='ltr'><strong>lle</strong></span> <span class='ocrx_word' id='word_1_74' title='bbox 683 1444 780 1499; x_wconf 82' lang='lat' dir='ltr'><strong>saneto</strong></span> <span class='ocrx_word' id='word_1_75' title='bbox 798 1442 890 1500; x_wconf 77' lang='lat' dir='ltr'><strong>laone.</strong></span> 
     </span>
    </p>
   </div>
   <div class='ocr_carea' id='block_1_6' title="bbox 593 1580 826 1636">
    <p class='ocr_par' dir='ltr' id='par_1_6' title="bbox 593 1580 826 1636">
     <span class='ocr_line' id='line_1_12' title="bbox 593 1580 826 1636; baseline 0.009 -2"><span class='ocrx_word' id='word_1_76' title='bbox 593 1580 636 1634; x_wconf 84' lang='lat' dir='ltr'><strong>Ad</strong></span> <span class='ocrx_word' id='word_1_77' title='bbox 654 1580 826 1636; x_wconf 72' lang='lat' dir='ltr'><strong>Nocturnum</strong></span> 
     </span>
    </p>
   </div>
   <div class='ocr_carea' id='block_1_7' title="bbox 129 1722 1206 2064">
    <p class='ocr_par' dir='ltr' id='par_1_7' title="bbox 129 1722 1206 2064">
     <span class='ocr_line' id='line_1_13' title="bbox 129 1722 1184 1800; baseline -0.001 -17"><span class='ocrx_word' id='word_1_78' title='bbox 129 1725 156 1784; x_wconf 90' lang='lat'><strong>1.</strong></span> <span class='ocrx_word' id='word_1_79' title='bbox 180 1722 290 1800; x_wconf 87' lang='lat' dir='ltr'><strong>Gaude,</strong></span> <span class='ocrx_word' id='word_1_80' title='bbox 314 1723 382 1782; x_wconf 81' lang='lat' dir='ltr'><strong>lelix</strong></span> <span class='ocrx_word' id='word_1_81' title='bbox 406 1723 566 1794; x_wconf 81' lang='lat' dir='ltr'><strong>Britannia,</strong></span> <span class='ocrx_word' id='word_1_82' title='bbox 736 1730 765 1785; x_wconf 85' lang='lat'><strong>5.</strong></span> <span class='ocrx_word' id='word_1_83' title='bbox 788 1723 891 1785; x_wconf 86' lang='lat' dir='ltr'><strong>Claudi</strong></span> <span class='ocrx_word' id='word_1_84' title='bbox 915 1725 1015 1798; x_wconf 90' lang='lat' dir='ltr'><strong>procul</strong></span> <span class='ocrx_word' id='word_1_85' title='bbox 1038 1725 1184 1800; x_wconf 83' lang='lat' dir='ltr'><strong>exsiliunt,</strong></span> 
     </span>
     <span class='ocr_line' id='line_1_14' title="bbox 177 1808 1150 1884; baseline -0.001 -16"><span class='ocrx_word' id='word_1_86' title='bbox 177 1810 312 1869; x_wconf 83' lang='lat' dir='ltr'><strong>Laudam</strong></span> <span class='ocrx_word' id='word_1_87' title='bbox 335 1811 447 1867; x_wconf 81' lang='lat' dir='ltr'><strong>exsulta</strong></span> <span class='ocrx_word' id='word_1_88' title='bbox 469 1808 590 1883; x_wconf 82' lang='lat' dir='ltr'><strong>cantico,</strong></span> <span class='ocrx_word' id='word_1_89' title='bbox 789 1811 934 1871; x_wconf 89' lang='lat' dir='ltr'><strong>Sanautur</strong></span> <span class='ocrx_word' id='word_1_90' title='bbox 959 1811 1150 1884; x_wconf 85' lang='lat' dir='ltr'><strong>energumeni,</strong></span> 
     </span>
     <span class='ocr_line' id='line_1_15' title="bbox 178 1895 1161 1970; baseline -0.001 -16"><span class='ocrx_word' id='word_1_91' title='bbox 178 1897 291 1955; x_wconf 76' lang='lat' dir='ltr'><strong>Adsunt</strong></span> <span class='ocrx_word' id='word_1_92' title='bbox 314 1912 434 1967; x_wconf 87' lang='lat' dir='ltr'><strong>namque</strong></span> <span class='ocrx_word' id='word_1_93' title='bbox 456 1895 594 1952; x_wconf 88' lang='lat' dir='ltr'><strong>solemnia</strong></span> <span class='ocrx_word' id='word_1_94' title='bbox 790 1897 879 1968; x_wconf 82' lang='lat' dir='ltr'><strong>Aegri</strong></span> <span class='ocrx_word' id='word_1_95' title='bbox 900 1913 998 1956; x_wconf 85' lang='lat' dir='ltr'><strong>curaru</strong></span> <span class='ocrx_word' id='word_1_96' title='bbox 1017 1897 1161 1970; x_wconf 90' lang='lat' dir='ltr'><strong>recipiunt</strong></span> 
     </span>
     <span class='ocr_line' id='line_1_16' title="bbox 178 1980 1206 2064; baseline 0.005 -24"><span class='ocrx_word' id='word_1_97' title='bbox 178 1982 222 2040; x_wconf 90' lang='lat' dir='ltr'><strong>De</strong></span> <span class='ocrx_word' id='word_1_98' title='bbox 243 1987 365 2064; x_wconf 89' lang='lat' dir='ltr'><strong>patrono</strong></span> <span class='ocrx_word' id='word_1_99' title='bbox 385 1980 516 2053; x_wconf 90' lang='lat' dir='ltr'><strong>mirifico,</strong></span> <span class='ocrx_word' id='word_1_100' title='bbox 789 1982 829 2040; x_wconf 89' lang='lat' dir='ltr'><strong>Et</strong></span> <span class='ocrx_word' id='word_1_101' title='bbox 850 1999 911 2055; x_wconf 83' lang='lat' dir='ltr'><strong>vos,</strong></span> <span class='ocrx_word' id='word_1_102' title='bbox 935 1983 1041 2053; x_wconf 83' lang='lat' dir='ltr'><strong>tristes,</strong></span> <span class='ocrx_word' id='word_1_103' title='bbox 1065 1982 1206 2045; x_wconf 88' lang='lat' dir='ltr'><strong>salamini.</strong></span> 
     </span>
    </p>
   </div>
   <div class='ocr_carea' id='block_1_8' title="bbox 127 2099 1227 2432">
    <p class='ocr_par' dir='ltr' id='par_1_8' title="bbox 127 2099 1227 2432">
     <span class='ocr_line' id='line_1_17' title="bbox 127 2099 1121 2178; baseline -0.004 -15"><span class='ocrx_word' id='word_1_104' title='bbox 127 2105 155 2163; x_wconf 86' lang='lat'><strong>2.</strong></span> <span class='ocrx_word' id='word_1_105' title='bbox 178 2103 275 2171; x_wconf 82' lang='lat' dir='ltr'><strong>Inone,</strong></span> <span class='ocrx_word' id='word_1_106' title='bbox 299 2100 336 2159; x_wconf 91' lang='lat' dir='ltr'><strong>de</strong></span> <span class='ocrx_word' id='word_1_107' title='bbox 357 2099 493 2173; x_wconf 84' lang='lat' dir='ltr'><strong>prosapia</strong></span> <span class='ocrx_word' id='word_1_108' title='bbox 735 2105 765 2163; x_wconf 88' lang='lat'><strong>6.</strong></span> <span class='ocrx_word' id='word_1_109' title='bbox 788 2103 903 2160; x_wconf 82' lang='lat' dir='ltr'><strong>Amissa</strong></span> <span class='ocrx_word' id='word_1_110' title='bbox 926 2102 977 2160; x_wconf 89' lang='lat' dir='ltr'><strong>dat</strong></span> <span class='ocrx_word' id='word_1_111' title='bbox 998 2102 1121 2178; x_wconf 90' lang='lat' dir='ltr'><strong>restitui,</strong></span> 
     </span>
     <span class='ocr_line' id='line_1_18' title="bbox 179 2185 1195 2262; baseline -0.003 -16"><span class='ocrx_word' id='word_1_112' title='bbox 179 2185 289 2246; x_wconf 86' lang='lat' dir='ltr'><strong>Grandi</strong></span> <span class='ocrx_word' id='word_1_113' title='bbox 313 2187 391 2244; x_wconf 88' lang='lat' dir='ltr'><strong>claro</strong></span> <span class='ocrx_word' id='word_1_114' title='bbox 414 2187 572 2262; x_wconf 82' lang='lat' dir='ltr'><strong>progenito,</strong></span> <span class='ocrx_word' id='word_1_115' title='bbox 787 2188 827 2246; x_wconf 85' lang='lat' dir='ltr'><strong>Et</strong></span> <span class='ocrx_word' id='word_1_116' title='bbox 849 2195 1015 2261; x_wconf 89' lang='lat' dir='ltr'><strong>peccatores</strong></span> <span class='ocrx_word' id='word_1_117' title='bbox 1038 2188 1195 2259; x_wconf 86' lang='lat' dir='ltr'><strong>poenitent,</strong></span> 
     </span>
     <span class='ocr_line' id='line_1_19' title="bbox 178 2271 1145 2344; baseline -0.001 -14"><span class='ocrx_word' id='word_1_118' title='bbox 178 2271 234 2330; x_wconf 83' lang='lat' dir='ltr'><strong>Sed</strong></span> <span class='ocrx_word' id='word_1_119' title='bbox 258 2273 350 2342; x_wconf 85' lang='lat' dir='ltr'><strong>major</strong></span> <span class='ocrx_word' id='word_1_120' title='bbox 372 2277 466 2329; x_wconf 86' lang='lat' dir='ltr'><strong>exstat</strong></span> <span class='ocrx_word' id='word_1_121' title='bbox 488 2271 581 2343; x_wconf 86' lang='lat' dir='ltr'><strong>gratia</strong></span> <span class='ocrx_word' id='word_1_122' title='bbox 789 2272 1007 2331; x_wconf 87' lang='lat' dir='ltr'><strong>Resuscitautur</strong></span> <span class='ocrx_word' id='word_1_123' title='bbox 1030 2273 1145 2344; x_wconf 87' lang='lat' dir='ltr'><strong>mortui,</strong></span> 
     </span>
     <span class='ocr_line' id='line_1_20' title="bbox 179 2356 1227 2432; baseline 0.003 -17"><span class='ocrx_word' id='word_1_124' title='bbox 179 2357 259 2415; x_wconf 81' lang='lat' dir='ltr'><strong>Pluri</strong></span> <span class='ocrx_word' id='word_1_125' title='bbox 281 2359 412 2415; x_wconf 87' lang='lat' dir='ltr'><strong>relucens</strong></span> <span class='ocrx_word' id='word_1_126' title='bbox 435 2356 545 2415; x_wconf 87' lang='lat' dir='ltr'><strong>merito.</strong></span> <span class='ocrx_word' id='word_1_127' title='bbox 790 2358 853 2417; x_wconf 91' lang='lat' dir='ltr'><strong>Hoc</strong></span> <span class='ocrx_word' id='word_1_128' title='bbox 875 2357 957 2432; x_wconf 87' lang='lat' dir='ltr'><strong>signa</strong></span> <span class='ocrx_word' id='word_1_129' title='bbox 979 2358 1069 2416; x_wconf 88' lang='lat' dir='ltr'><strong>multa</strong></span> <span class='ocrx_word' id='word_1_130' title='bbox 1091 2359 1227 2418; x_wconf 90' lang='lat' dir='ltr'><strong>renitent.</strong></span> 
     </span>
    </p>
   </div>
   <div class='ocr_carea' id='block_1_9' title="bbox 128 2477 1215 2808">
    <p class='ocr_par' dir='ltr' id='par_1_9' title="bbox 128 2477 1215 2808">
     <span class='ocr_line' id='line_1_21' title="bbox 128 2477 1194 2550; baseline -0.002 -13"><span class='ocrx_word' id='word_1_131' title='bbox 128 2481 155 2537; x_wconf 90' lang='lat'><strong>3.</strong></span> <span class='ocrx_word' id='word_1_132' title='bbox 181 2477 263 2536; x_wconf 89' lang='lat' dir='ltr'><strong>Viam</strong></span> <span class='ocrx_word' id='word_1_133' title='bbox 285 2483 386 2537; x_wconf 88' lang='lat' dir='ltr'><strong>tenens</strong></span> <span class='ocrx_word' id='word_1_134' title='bbox 406 2477 537 2550; x_wconf 89' lang='lat' dir='ltr'><strong>justitiae</strong></span> <span class='ocrx_word' id='word_1_135' title='bbox 738 2480 766 2540; x_wconf 83' lang='lat'><strong>7.</strong></span> <span class='ocrx_word' id='word_1_136' title='bbox 791 2477 851 2536; x_wconf 90' lang='lat' dir='ltr'><strong>Nos</strong></span> <span class='ocrx_word' id='word_1_137' title='bbox 873 2478 1038 2537; x_wconf 80' lang='lat' dir='ltr'><strong>insistentes</strong></span> <span class='ocrx_word' id='word_1_138' title='bbox 1061 2477 1194 2536; x_wconf 88' lang='lat' dir='ltr'><strong>laudibus</strong></span> 
     </span>
     <span class='ocr_line' id='line_1_22' title="bbox 180 2563 1142 2636; baseline -0.001 -15"><span class='ocrx_word' id='word_1_139' title='bbox 180 2563 256 2621; x_wconf 85' lang='lat' dir='ltr'><strong>Pede</strong></span> <span class='ocrx_word' id='word_1_140' title='bbox 279 2564 527 2634; x_wconf 74' lang='lat' dir='ltr'><strong>calaritanae,</strong></span> <span class='ocrx_word' id='word_1_141' title='bbox 790 2564 869 2636; x_wconf 87' lang='lat' dir='ltr'><strong>Tuis,</strong></span> <span class='ocrx_word' id='word_1_142' title='bbox 896 2565 956 2635; x_wconf 79' lang='lat' dir='ltr'><strong>lvo,</strong></span> <span class='ocrx_word' id='word_1_143' title='bbox 979 2563 1142 2636; x_wconf 88' lang='lat' dir='ltr'><strong>precamine</strong></span> 
     </span>
     <span class='ocr_line' id='line_1_23' title="bbox 179 2648 1180 2726; baseline 0 -20"><span class='ocrx_word' id='word_1_144' title='bbox 179 2649 306 2707; x_wconf 87' lang='lat' dir='ltr'><strong>Granum</strong></span> <span class='ocrx_word' id='word_1_145' title='bbox 329 2666 430 2721; x_wconf 90' lang='lat' dir='ltr'><strong>purum</strong></span> <span class='ocrx_word' id='word_1_146' title='bbox 454 2648 611 2706; x_wconf 89' lang='lat' dir='ltr'><strong>munditiae</strong></span> <span class='ocrx_word' id='word_1_147' title='bbox 790 2650 862 2726; x_wconf 90' lang='lat' dir='ltr'><strong>Tuo,</strong></span> <span class='ocrx_word' id='word_1_148' title='bbox 885 2648 961 2707; x_wconf 88' lang='lat' dir='ltr'><strong>cives</strong></span> <span class='ocrx_word' id='word_1_149' title='bbox 984 2666 1046 2708; x_wconf 82' lang='lat' dir='ltr'><strong>cunr</strong></span> <span class='ocrx_word' id='word_1_150' title='bbox 1070 2649 1180 2707; x_wconf 87' lang='lat' dir='ltr'><strong>civibus</strong></span> 
     </span>
     <span class='ocr_line' id='line_1_24' title="bbox 178 2734 1215 2808; baseline 0.005 -15"><span class='ocrx_word' id='word_1_151' title='bbox 178 2734 241 2793; x_wconf 90' lang='lat' dir='ltr'><strong>Poll</strong></span> <span class='ocrx_word' id='word_1_152' title='bbox 263 2736 369 2793; x_wconf 88' lang='lat' dir='ltr'><strong>transit</strong></span> <span class='ocrx_word' id='word_1_153' title='bbox 390 2736 427 2793; x_wconf 90' lang='lat' dir='ltr'><strong>ad</strong></span> <span class='ocrx_word' id='word_1_154' title='bbox 451 2734 563 2797; x_wconf 83' lang='lat' dir='ltr'><strong>horrea.</strong></span> <span class='ocrx_word' id='word_1_155' title='bbox 789 2735 871 2797; x_wconf 84' lang='lat' dir='ltr'><strong>coeli</strong></span> <span class='ocrx_word' id='word_1_156' title='bbox 892 2735 967 2808; x_wconf 92' lang='lat' dir='ltr'><strong>qnod</strong></span> <span class='ocrx_word' id='word_1_157' title='bbox 990 2735 1086 2807; x_wconf 86' lang='lat' dir='ltr'><strong>simus,</strong></span> <span class='ocrx_word' id='word_1_158' title='bbox 1110 2734 1215 2797; x_wconf 90' lang='lat' dir='ltr'><strong>obtine.</strong></span> 
     </span>
    </p>
   </div>
   <div class='ocr_carea' id='block_1_10' title="bbox 73 2854 1215 3185">
    <p class='ocr_par' dir='ltr' id='par_1_10' title="bbox 73 2854 1215 3185">
     <span class='ocr_line' id='line_1_25' title="bbox 73 2854 1114 2932; baseline -0.003 -17"><span class='ocrx_word' id='word_1_159' title='bbox 73 2892 74 2895; x_wconf 60' lang='lat'><em>=</em></span> <span class='ocrx_word' id='word_1_160' title='bbox 127 2858 156 2917; x_wconf 86' lang='lat'><strong>4.</strong></span> <span class='ocrx_word' id='word_1_161' title='bbox 180 2856 265 2915; x_wconf 84' lang='lat' dir='ltr'><strong>Miris</strong></span> <span class='ocrx_word' id='word_1_162' title='bbox 288 2856 361 2914; x_wconf 89' lang='lat' dir='ltr'><strong>nitet</strong></span> <span class='ocrx_word' id='word_1_163' title='bbox 383 2855 538 2927; x_wconf 71' lang='lat' dir='ltr'><strong>miraculis</strong></span> <span class='ocrx_word' id='word_1_164' title='bbox 738 2857 767 2915; x_wconf 92' lang='lat'><strong>8.</strong></span> <span class='ocrx_word' id='word_1_165' title='bbox 791 2854 835 2915; x_wconf 85' lang='lat' dir='ltr'><strong>Sit</strong></span> <span class='ocrx_word' id='word_1_166' title='bbox 857 2855 989 2931; x_wconf 87' lang='lat' dir='ltr'><strong>trinitati,</strong></span> <span class='ocrx_word' id='word_1_167' title='bbox 1013 2854 1114 2932; x_wconf 77' lang='lat' dir='ltr'><strong>gloria,</strong></span> 
     </span>
     <span class='ocr_line' id='line_1_26' title="bbox 178 2941 1190 3021; baseline -0.004 -20"><span class='ocrx_word' id='word_1_168' title='bbox 178 2941 280 3001; x_wconf 88' lang='lat' dir='ltr'><strong>Surdis</strong></span> <span class='ocrx_word' id='word_1_169' title='bbox 302 2941 417 2999; x_wconf 89' lang='lat' dir='ltr'><strong>auditus</strong></span> <span class='ocrx_word' id='word_1_170' title='bbox 440 2941 580 3021; x_wconf 83' lang='lat' dir='ltr'><strong>redditur,</strong></span> <span class='ocrx_word' id='word_1_171' title='bbox 790 2941 932 3014; x_wconf 76' lang='lat' dir='ltr'><strong>Regnanti</strong></span> <span class='ocrx_word' id='word_1_172' title='bbox 954 2957 1042 3014; x_wconf 89' lang='lat' dir='ltr'><strong>super</strong></span> <span class='ocrx_word' id='word_1_173' title='bbox 1063 2941 1190 3008; x_wconf 86' lang='lat' dir='ltr'><strong>aethera,</strong></span> 
     </span>
     <span class='ocr_line' id='line_1_27' title="bbox 179 3025 1215 3104; baseline -0.002 -18"><span class='ocrx_word' id='word_1_174' title='bbox 179 3027 242 3086; x_wconf 84' lang='lat' dir='ltr'><strong>Lux</strong></span> <span class='ocrx_word' id='word_1_175' title='bbox 265 3026 362 3100; x_wconf 87' lang='lat' dir='ltr'><strong>prisea</strong></span> <span class='ocrx_word' id='word_1_176' title='bbox 385 3028 461 3085; x_wconf 91' lang='lat' dir='ltr'><strong>redit</strong></span> <span class='ocrx_word' id='word_1_177' title='bbox 481 3028 580 3104; x_wconf 85' lang='lat' dir='ltr'><strong>oeulis,</strong></span> <span class='ocrx_word' id='word_1_178' title='bbox 791 3027 870 3098; x_wconf 82' lang='lat' dir='ltr'><strong>Quae</strong></span> <span class='ocrx_word' id='word_1_179' title='bbox 892 3025 975 3085; x_wconf 94' lang='lat' dir='ltr'><strong>uobis</strong></span> <span class='ocrx_word' id='word_1_180' title='bbox 998 3027 1048 3085; x_wconf 91' lang='lat' dir='ltr'><strong>det</strong></span> <span class='ocrx_word' id='word_1_181' title='bbox 1069 3027 1099 3086; x_wconf 92' lang='lat' dir='ltr'><strong>in</strong></span> <span class='ocrx_word' id='word_1_182' title='bbox 1120 3026 1215 3100; x_wconf 90' lang='lat' dir='ltr'><strong>patria</strong></span> 
     </span>
     <span class='ocr_line' id='line_1_28' title="bbox 178 3111 1198 3185; baseline 0 -13"><span class='ocrx_word' id='word_1_183' title='bbox 178 3113 278 3172; x_wconf 88' lang='lat' dir='ltr'><strong>Mutus</strong></span> <span class='ocrx_word' id='word_1_184' title='bbox 298 3111 404 3171; x_wconf 80' lang='lat' dir='ltr'><strong>affatim</strong></span> <span class='ocrx_word' id='word_1_185' title='bbox 426 3113 560 3185; x_wconf 82' lang='lat' dir='ltr'><strong>loquitur.</strong></span> <span class='ocrx_word' id='word_1_186' title='bbox 694 3173 698 3177; x_wconf 85' lang='grc'><strong>,</strong></span> <span class='ocrx_word' id='word_1_187' title='bbox 792 3115 921 3173; x_wconf 77' lang='lat' dir='ltr'><strong>aeterna</strong></span> <span class='ocrx_word' id='word_1_188' title='bbox 942 3111 1049 3172; x_wconf 89' lang='lat' dir='ltr'><strong>Christi</strong></span> <span class='ocrx_word' id='word_1_189' title='bbox 1072 3127 1198 3172; x_wconf 88' lang='lat' dir='ltr'><strong>munera.</strong></span> 
     </span>
    </p>
   </div>
   <div class='ocr_carea' id='block_1_11' title="bbox 193 3241 794 3323">
    <p class='ocr_par' dir='ltr' id='par_1_11' title="bbox 193 3241 794 3323">
     <span class='ocr_line' id='line_1_29' title="bbox 193 3241 794 3323; baseline -0.005 -25"><span class='ocrx_word' id='word_1_190' title='bbox 193 3246 276 3323; x_wconf 68' lang='lat' dir='ltr'><strong>Psalt</strong></span> <span class='ocrx_word' id='word_1_191' title='bbox 294 3247 475 3315; x_wconf 83' lang='lat' dir='ltr'><strong>Pellantinum</strong></span> <span class='ocrx_word' id='word_1_192' title='bbox 493 3248 555 3314; x_wconf 89' lang='lat' dir='ltr'><strong>imp.</strong></span> <span class='ocrx_word' id='word_1_193' title='bbox 574 3247 702 3298; x_wconf 89' lang='lat' dir='ltr'><strong>Lueronii</strong></span> <span class='ocrx_word' id='word_1_194' title='bbox 721 3241 794 3298; x_wconf 83' lang='lat'><strong>1512.</strong></span> 
     </span>
    </p>
   </div>
   <div class='ocr_carea' id='block_1_12' title="bbox 533 3479 892 3676">
    <p class='ocr_par' dir='ltr' id='par_1_12' title="bbox 533 3479 892 3676">
     <span class='ocr_line' id='line_1_30' title="bbox 533 3479 892 3539; baseline -0.006 -1"><span class='ocrx_word' id='word_1_195' title='bbox 533 3481 594 3538; x_wconf 78' lang='lat' dir='ltr'><strong>eat.</strong></span> <span class='ocrx_word' id='word_1_196' title='bbox 624 3480 663 3539; x_wconf 82' lang='lat' dir='ltr'><strong>lle</strong></span> <span class='ocrx_word' id='word_1_197' title='bbox 683 3482 782 3538; x_wconf 82' lang='lat' dir='ltr'><strong>sancte</strong></span> <span class='ocrx_word' id='word_1_198' title='bbox 799 3479 892 3537; x_wconf 85' lang='lat' dir='ltr'><strong>ivone.</strong></span> 
     </span>
     <span class='ocr_line' id='line_1_31' title="bbox 623 3619 799 3676; baseline 0.006 -1"><span class='ocrx_word' id='word_1_199' title='bbox 623 3620 667 3675; x_wconf 82' lang='lat' dir='ltr'><strong>Ad</strong></span> <span class='ocrx_word' id='word_1_200' title='bbox 684 3619 799 3676; x_wconf 85' lang='lat' dir='ltr'><strong>Laudes</strong></span> 
     </span>
    </p>
   </div>
   <div class='ocr_carea' id='block_1_13' title="bbox 128 3760 1290 4098">
    <p class='ocr_par' dir='ltr' id='par_1_13' title="bbox 128 3760 1290 4098">
     <span class='ocr_line' id='line_1_32' title="bbox 128 3760 1185 3840; baseline -0.009 -15"><span class='ocrx_word' id='word_1_201' title='bbox 128 3764 155 3824; x_wconf 92' lang='lat'><strong>1.</strong></span> <span class='ocrx_word' id='word_1_202' title='bbox 180 3763 261 3825; x_wconf 79' lang='lat' dir='ltr'><strong>sices</strong></span> <span class='ocrx_word' id='word_1_203' title='bbox 283 3763 421 3840; x_wconf 90' lang='lat' dir='ltr'><strong>polorum,</strong></span> <span class='ocrx_word' id='word_1_204' title='bbox 444 3763 573 3835; x_wconf 83' lang='lat' dir='ltr'><strong>plaudite</strong></span> <span class='ocrx_word' id='word_1_205' title='bbox 740 3767 769 3824; x_wconf 85' lang='lat'><strong>3.</strong></span> <span class='ocrx_word' id='word_1_206' title='bbox 792 3764 907 3823; x_wconf 91' lang='lat' dir='ltr'><strong>Partem</strong></span> <span class='ocrx_word' id='word_1_207' title='bbox 931 3761 1018 3834; x_wconf 81' lang='lat' dir='ltr'><strong>elegit</strong></span> <span class='ocrx_word' id='word_1_208' title='bbox 1039 3760 1185 3832; x_wconf 83' lang='lat' dir='ltr'><strong>optimam,</strong></span> 
     </span>
     <span class='ocr_line' id='line_1_33' title="bbox 180 3845 1207 3923; baseline -0.005 -16"><span class='ocrx_word' id='word_1_209' title='bbox 180 3848 219 3908; x_wconf 85' lang='lat' dir='ltr'><strong>Et</strong></span> <span class='ocrx_word' id='word_1_210' title='bbox 241 3865 301 3923; x_wconf 83' lang='lat' dir='ltr'><strong>uos,</strong></span> <span class='ocrx_word' id='word_1_211' title='bbox 325 3846 439 3919; x_wconf 71' lang='lat' dir='ltr'><strong>iratres,</strong></span> <span class='ocrx_word' id='word_1_212' title='bbox 463 3849 613 3920; x_wconf 73' lang='lat' dir='ltr'><strong>concitate,</strong></span> <span class='ocrx_word' id='word_1_213' title='bbox 794 3848 889 3906; x_wconf 84' lang='lat' dir='ltr'><strong>Vitam</strong></span> <span class='ocrx_word' id='word_1_214' title='bbox 912 3847 995 3905; x_wconf 84' lang='lat' dir='ltr'><strong>duxit</strong></span> <span class='ocrx_word' id='word_1_215' title='bbox 1016 3845 1207 3919; x_wconf 89' lang='lat' dir='ltr'><strong>purissimam,</strong></span> 
     </span>
     <span class='ocr_line' id='line_1_34' title="bbox 179 3930 1159 4006; baseline -0.006 -14"><span class='ocrx_word' id='word_1_216' title='bbox 179 3935 230 3993; x_wconf 84' lang='lat' dir='ltr'><strong>Iro</strong></span> <span class='ocrx_word' id='word_1_217' title='bbox 252 3930 400 3992; x_wconf 87' lang='lat' dir='ltr'><strong>confessor</strong></span> <span class='ocrx_word' id='word_1_218' title='bbox 421 3933 507 3991; x_wconf 86' lang='lat' dir='ltr'><strong>hodie</strong></span> <span class='ocrx_word' id='word_1_219' title='bbox 539 3966 541 3970; x_wconf 57' lang='lat'>&gt;</span> <span class='ocrx_word' id='word_1_220' title='bbox 793 3933 948 3992; x_wconf 82' lang='lat' dir='ltr'><strong>seminavit</strong></span> <span class='ocrx_word' id='word_1_221' title='bbox 971 3932 1001 3990; x_wconf 90' lang='lat' dir='ltr'><strong>in</strong></span> <span class='ocrx_word' id='word_1_222' title='bbox 1024 3931 1159 4006; x_wconf 83' lang='lat' dir='ltr'><strong>lacrimis,</strong></span> 
     </span>
     <span class='ocr_line' id='line_1_35' title="bbox 179 4016 1290 4098; baseline -0.005 -19"><span class='ocrx_word' id='word_1_223' title='bbox 179 4019 228 4098; x_wconf 78' lang='lat' dir='ltr'><strong>Ad</strong></span> <span class='ocrx_word' id='word_1_224' title='bbox 249 4034 367 4092; x_wconf 80' lang='lat' dir='ltr'><strong>reguum</strong></span> <span class='ocrx_word' id='word_1_225' title='bbox 390 4018 494 4077; x_wconf 89' lang='lat' dir='ltr'><strong>transit</strong></span> <span class='ocrx_word' id='word_1_226' title='bbox 516 4020 632 4093; x_wconf 84' lang='lat' dir='ltr'><strong>gloriae.</strong></span> <span class='ocrx_word' id='word_1_227' title='bbox 792 4017 876 4077; x_wconf 87' lang='lat' dir='ltr'><strong>Nune</strong></span> <span class='ocrx_word' id='word_1_228' title='bbox 898 4019 978 4076; x_wconf 86' lang='lat' dir='ltr'><strong>metit</strong></span> <span class='ocrx_word' id='word_1_229' title='bbox 1001 4016 1030 4075; x_wconf 90' lang='lat' dir='ltr'><strong>in</strong></span> <span class='ocrx_word' id='word_1_230' title='bbox 1052 4016 1225 4075; x_wconf 87' lang='lat' dir='ltr'><strong>laetissimis.</strong></span> <span class='ocrx_word' id='word_1_231' title='bbox 1289 4039 1290 4042; x_wconf 41' lang='lat'>¹</span> 
     </span>
    </p>
   </div>
   <div class='ocr_carea' id='block_1_14' title="bbox 127 4134 1201 4470">
    <p class='ocr_par' dir='ltr' id='par_1_14' title="bbox 127 4134 1201 4470">
     <span class='ocr_line' id='line_1_36' title="bbox 127 4134 1199 4214; baseline -0.006 -14"><span class='ocrx_word' id='word_1_232' title='bbox 127 4143 155 4200; x_wconf 84' lang='lat'><strong>2.</strong></span> <span class='ocrx_word' id='word_1_233' title='bbox 177 4140 231 4214; x_wconf 80' lang='lat' dir='ltr'><strong>Qui</strong></span> <span class='ocrx_word' id='word_1_234' title='bbox 254 4138 344 4197; x_wconf 91' lang='lat' dir='ltr'><strong>nundi</strong></span> <span class='ocrx_word' id='word_1_235' title='bbox 366 4139 450 4212; x_wconf 78' lang='lat' dir='ltr'><strong>thus</strong></span> <span class='ocrx_word' id='word_1_236' title='bbox 471 4139 576 4213; x_wconf 81' lang='lat' dir='ltr'><strong>gaudia</strong></span> <span class='ocrx_word' id='word_1_237' title='bbox 739 4142 769 4201; x_wconf 83' lang='lat'><strong>4.</strong></span> <span class='ocrx_word' id='word_1_238' title='bbox 792 4141 856 4200; x_wconf 86' lang='lat' dir='ltr'><strong>Jam</strong></span> <span class='ocrx_word' id='word_1_239' title='bbox 880 4139 976 4208; x_wconf 83' lang='lat' dir='ltr'><strong>coelis,</strong></span> <span class='ocrx_word' id='word_1_240' title='bbox 1000 4140 1061 4208; x_wconf 87' lang='lat' dir='ltr'><strong>lvo,</strong></span> <span class='ocrx_word' id='word_1_241' title='bbox 1086 4134 1199 4208; x_wconf 81' lang='lat' dir='ltr'><strong>frueris,</strong></span> 
     </span>
     <span class='ocr_line' id='line_1_37' title="bbox 180 4222 1172 4298; baseline -0.003 -16"><span class='ocrx_word' id='word_1_242' title='bbox 180 4224 270 4297; x_wconf 83' lang='lat' dir='ltr'><strong>Vana,</strong></span> <span class='ocrx_word' id='word_1_243' title='bbox 295 4225 413 4298; x_wconf 83' lang='lat' dir='ltr'><strong>caduca,</strong></span> <span class='ocrx_word' id='word_1_244' title='bbox 438 4224 535 4283; x_wconf 86' lang='lat' dir='ltr'><strong>brevia</strong></span> <span class='ocrx_word' id='word_1_245' title='bbox 632 4242 636 4248; x_wconf 72' lang='grc'><em>“</em></span> <span class='ocrx_word' id='word_1_246' title='bbox 792 4223 851 4284; x_wconf 89' lang='lat' dir='ltr'><strong>Ora</strong></span> <span class='ocrx_word' id='word_1_247' title='bbox 871 4240 925 4297; x_wconf 89' lang='lat' dir='ltr'><strong>pro</strong></span> <span class='ocrx_word' id='word_1_248' title='bbox 947 4222 1028 4281; x_wconf 92' lang='lat' dir='ltr'><strong>nobis</strong></span> <span class='ocrx_word' id='word_1_249' title='bbox 1051 4222 1172 4298; x_wconf 87' lang='lat' dir='ltr'><strong>miseris,</strong></span> 
     </span>
     <span class='ocr_line' id='line_1_38' title="bbox 181 4307 1201 4388; baseline -0.006 -18"><span class='ocrx_word' id='word_1_250' title='bbox 181 4310 305 4384; x_wconf 87' lang='lat' dir='ltr'><strong>Sprevit,</strong></span> <span class='ocrx_word' id='word_1_251' title='bbox 329 4311 460 4383; x_wconf 81' lang='lat' dir='ltr'><strong>calcavit,</strong></span> <span class='ocrx_word' id='word_1_252' title='bbox 485 4311 588 4388; x_wconf 88' lang='lat' dir='ltr'><strong>renuit,</strong></span> <span class='ocrx_word' id='word_1_253' title='bbox 796 4310 837 4371; x_wconf 93' lang='lat' dir='ltr'><strong>Ut</strong></span> <span class='ocrx_word' id='word_1_254' title='bbox 859 4309 916 4368; x_wconf 90' lang='lat' dir='ltr'><strong>tuis</strong></span> <span class='ocrx_word' id='word_1_255' title='bbox 938 4309 1045 4367; x_wconf 89' lang='lat' dir='ltr'><strong>sanctis</strong></span> <span class='ocrx_word' id='word_1_256' title='bbox 1068 4307 1201 4383; x_wconf 88' lang='lat' dir='ltr'><strong>precibus</strong></span> 
     </span>
     <span class='ocr_line' id='line_1_39' title="bbox 179 4391 1193 4470; baseline 0 -16"><span class='ocrx_word' id='word_1_257' title='bbox 179 4395 328 4467; x_wconf 84' lang='lat' dir='ltr'><strong>Mundum,</strong></span> <span class='ocrx_word' id='word_1_258' title='bbox 355 4412 478 4465; x_wconf 87' lang='lat' dir='ltr'><strong>earnem,</strong></span> <span class='ocrx_word' id='word_1_259' title='bbox 503 4396 555 4454; x_wconf 88' lang='lat' dir='ltr'><strong>Bel</strong></span> <span class='ocrx_word' id='word_1_260' title='bbox 571 4398 688 4457; x_wconf 89' lang='lat' dir='ltr'><strong>domuit.</strong></span> <span class='ocrx_word' id='word_1_261' title='bbox 798 4395 878 4455; x_wconf 86' lang='lat' dir='ltr'><strong>Coeli</strong></span> <span class='ocrx_word' id='word_1_262' title='bbox 898 4396 1052 4470; x_wconf 83' lang='lat' dir='ltr'><strong>jungamur</strong></span> <span class='ocrx_word' id='word_1_263' title='bbox 1074 4391 1193 4454; x_wconf 87' lang='lat' dir='ltr'><strong>civibus.</strong></span> 
     </span>
    </p>
   </div>
   <div class='ocr_carea' id='block_1_15' title="bbox 0 0 1464 4868">
    <p class='ocr_par' dir='ltr' id='par_1_15' title="bbox 0 0 1464 4868">
     <span class='ocr_line' id='line_1_40' title="bbox 0 0 1464 4868; baseline 0 0"><span class='ocrx_word' id='word_1_264' title='bbox 0 0 1464 4868; x_wconf 95' lang='lat' dir='ltr'><strong> </strong></span> 
     </span>
    </p>
   </div>
  </div>
 </body>
</html>
