2918 4868
584 291 622 300 -
673 251 732 317 143
767 214 816 301 ’-

502 454 562 511 235.
598 452 637 511 lla
656 455 754 511 sancto
773 453 901 511 deraldo.

586 575 629 629 Ad
646 576 817 630 Noctumum.

117 703 145 764 1.
169 702 322 774 Geraldus,
346 717 457 774 gemma
479 702 642 774 praesulum
731 703 760 762 3.
784 703 851 774 lpse
872 718 926 774 pro
947 702 1029 761 nobis
1052 702 1174 760 Domino

167 788 205 846 Et
229 787 333 859 gaudia
355 789 546 864 sacerdotum,
784 788 950 847 Intereedat
971 804 1033 846 cum
1057 787 1169 862 gaudio,

168 873 222 946 Qui
243 873 272 931 in
295 880 456 931 sanctorum
480 889 597 931 numero
784 873 824 933 Ut
845 874 1030 947 impetremus
1053 873 1173 946 gratiam

168 962 341 1031 Assumptus
364 966 408 1016 est
429 976 447 1017 a
469 959 600 1020 Domino.
781 959 821 1017 Et
842 976 860 1017 a
879 959 1006 1032 peccatis
1029 959 1150 1018 veniam.

114 1082 144 1140 2.
169 1080 308 1137 Patronus
331 1085 429 1138 noster
450 1080 564 1152 nobilis,
729 1083 758 1140 4.
782 1079 843 1139 Deo
866 1080 942 1152 patri
963 1080 999 1137 sit
1023 1079 1114 1153 gloria

168 1165 246 1224 Coeli
269 1165 361 1223 turbis
381 1165 520 1242 amabilis,
779 1165 908 1238 Eiusque
929 1165 982 1222 soli
1005 1164 1065 1223 filio

169 1251 311 1311 Geraldus
334 1268 397 1310 cnm
420 1252 529 1310 laetitia
781 1250 851 1310 Cum
874 1250 979 1324 spiritu
1001 1250 1142 1324 paraclito

169 1337 264 1395 Hodie
285 1336 375 1395 intrat
396 1338 425 1396 in
448 1337 573 1396 aethera.
782 1336 866 1394 Nunc
896 1340 925 1393 et
953 1352 1006 1409 per
1029 1353 1114 1394 omno
1136 1334 1289 1395 saeculum.

184 1473 259 1522 Brev.
278 1474 438 1524 Bracaranse
463 1476 525 1539 imp.
544 1473 720 1523 Salmantioaa
747 1469 820 1523 1512.
843 1472 873 1523 Α.
898 1499 931 1507 -
949 1473 1025 1524 Brev.
1044 1473 1204 1522 Bracarense
1228 1472 1290 1533 imp.

119 1541 302 1593 Conimbricae
321 1539 396 1593 1634.
414 1545 444 1593 B.

500 1741 560 1799 236.
595 1709 634 1799 be
652 1744 749 1800 sancto
771 1740 900 1801 deraldo.

617 1863 660 1917 Ad
677 1863 792 1918 Laudes.

121 1991 148 2049 1.
173 1988 251 2048 Odor
273 1988 393 2047 Geraldi
419 1989 526 2046 tumulo
734 1991 762 2050 3.
786 1990 809 2048 0
832 2005 948 2062 regnum
972 1989 1173 2064 Portugalliae‚

171 2072 325 2147 Relragrat
347 2073 437 2131 bonus
459 2074 574 2146 populo,
786 2075 830 2133 Da
852 2081 931 2133 tanto
954 2075 1045 2147 gaude
1065 2075 1206 2147 praesule,

169 2160 258 2219 Ausi
282 2165 357 2217 esset
378 2167 544 2231 aromatum,
786 2162 873 2233 Quem
897 2160 950 2218 tibi
971 2160 1026 2219 Dei
1049 2160 1141 2232 gratia

170 2245 216 2303 Ita
236 2244 360 2318 refulget
387 2243 534 2304 feretrum.
786 2246 957 2305 sublimavit
978 2246 1015 2303 ad
1039 2245 1164 2306 aethera.

119 2370 148 2426 2.
170 2366 193 2425 0
217 2365 401 2425 Bracarensis
424 2365 534 2440 civitas,
732 2368 760 2424 4.
786 2365 928 2449 Sittpatri
947 2365 1009 2423 Deo
1031 2365 1122 2437 gloria

173 2453 233 2524 Qua
256 2451 427 2509 confessoris
450 2452 556 2509 veritas
786 2453 913 2524 Ejusque
936 2451 990 2508 soli
1012 2449 1071 2508 filio

173 2534 305 2609 Refulget
327 2538 357 2594 in
380 2536 435 2593 boc
453 2537 566 2594 saeculo
786 2537 855 2596 Cum
878 2537 982 2609 spiritu
1005 2533 1144 2608 paraclito

169 2622 208 2680 Ht
230 2623 302 2680 coeli
325 2624 430 2695 gaudet
452 2623 560 2682 concio.
786 2623 870 2681 Nune
898 2630 927 2680 et
955 2638 1008 2695 per
1037 2635 1118 2678 omne
1139 2618 1293 2676 saeculnm.

187 2741 263 2791 Brea.
283 2742 443 2790 Bracaranse
461 2742 523 2806 imp.
543 2740 720 2790 salmanticae
741 2737 813 2789 1512.

468 2937 526 2995 237.
562 2939 600 2996 lla
618 2954 639 2995 s.
661 2939 798 3013 Gregorio
816 2939 948 2998 (letiensi.

120 3069 148 3128 1.
171 3065 326 3141 Gregorius
349 3067 490 3126 mirabilis
732 3073 761 3129 4.
786 3069 830 3126 De
852 3069 908 3127 tuis
931 3067 1020 3126 sacris
1042 3065 1162 3137 ossibus,

171 3153 257 3212 Adsit
276 3152 357 3211 nobis
380 3153 536 3224 exsulibus,
786 3154 887 3214 Paesul
906 3169 1036 3230 mangne‚
1057 3149 1244 3225 sanctissime,

171 3240 228 3298 Per
249 3240 344 3298 omnia
365 3238 519 3298 laudabilis
786 3241 868 3298 Salus
892 3240 977 3297 datur
997 3234 1196 3311 languentibus

171 3323 231 3382 Nos
253 3324 384 3383 sublevet
405 3325 558 3385 sideribus.
784 3326 843 3384 Eos
866 3342 968 3384 curans
990 3321 1210 3397 promptissima.

118 3447 148 3505 2.
171 3446 266 3504 Patris
285 3446 373 3517 jussis
397 3445 597 3518 obtemperans
733 3452 761 3508 5.
784 3448 838 3517 Qui
862 3447 928 3504 dum
951 3461 1015 3503 eras
1037 3444 1065 3501 in
1089 3443 1212 3515 saeculo,

173 3531 285 3589 Venisti
306 3531 336 3588 in
358 3531 537 3606 Hispaniam,
786 3532 879 3591 Corde
901 3529 1046 3589 serviebas
1068 3529 1131 3587 Deo

170 3618 313 3689 Prospera
335 3617 432 3674 mundi
455 3615 583 3674 refutans
785 3617 890 3676 Sancto
910 3618 1026 3688 junctus
1048 3614 1207 3683 Dominico‚

171 3700 214 3762 0b
237 3708 347 3775 pestem
369 3703 560 3761 locustariam.
785 3704 871 3777 Regis
893 3703 985 3759 nitens
1009 3702 1037 3758 in
1059 3701 1140 3763 solio.

118 3825 147 3883 3.
170 3822 232 3881 Tua
254 3838 340 3896 prece
359 3822 538 3880 sanctissima
732 3825 761 3882 6.
784 3822 877 3892 Unde,
901 3829 985 3895 pater
1006 3821 1192 3888 sanctissime,

170 3908 279 3967 Cuncta
301 3906 383 3981 fugas
404 3908 592 3980 incommoda,
786 3908 846 3966 Nos
868 3908 904 3966 de
926 3913 1017 3964 morte
1038 3913 1177 3979 perpetua

171 3993 227 4051 Per
249 4010 333 4066 quam
355 3993 406 4051 illa
427 3994 601 4066 nequissima
784 3994 869 4052 Salva
891 4009 977 4065 prece
1000 3993 1115 4050 assidua

171 4078 258 4151 Fugit
279 4079 369 4152 pestis
391 4095 444 4152 per
465 4079 567 4137 omnia.
786 4081 839 4138 Per
860 4079 1037 4137 saeculorum
1059 4077 1181 4135 saecula.

185 4215 311 4280 Tornayc,
329 4215 464 4279 Martyrol.
484 4217 595 4280 Hispan.
615 4216 670 4274 111,
694 4212 741 4264 las
760 4216 807 4263 mit
823 4215 869 4264 der
888 4214 1072 4277 Anmerkrmg:
1093 4214 1123 4262 ln
1142 4213 1293 4279 legendario

120 4285 298 4349 manuscripto
314 4285 498 4350 antiquissimo
524 4285 596 4334 urbis
623 4284 654 4332 dn
672 4283 774 4345 Torrijo
800 4286 827 4332 in
847 4284 990 4334 Celtiberia
1015 4282 1094 4331 bocca
1114 4283 1237 4331 carminis
1255 4279 1293 4332 di-

123 4352 201 4402 metri
219 4352 335 4402 Jambici
353 4354 493 4403 cacometri
512 4358 709 4402 monumentum
729 4352 832 4418 legitur.
851 4378 882 4386 -
906 4351 930 4413 5,
950 4348 967 4399 2
1005 4352 1126 4400 I'rnzino.
