2918 4868
642 268 681 279 -
726 232 769 296 40
811 269 853 281 -

503 398 541 455 lt.
576 400 614 458 lla
631 400 729 456 sancto
747 399 855 472 Angeia
874 398 999 456 Custode.

290 542 330 600 ln
357 545 383 603 l.
406 543 597 616 vesperis.

327 660 412 726 Super
428 660 556 711 Psalmoa.

160 768 197 825 A.
221 765 340 836 Plaude,
364 781 492 840 regnum,

266 849 368 928 gaude,
391 851 533 922 Valentia,

225 936 366 995 Comitata

268 1022 340 1081 duce
362 1022 501 1096 angelico,

222 1105 300 1166 Oher
321 1107 383 1166 Deo

268 1193 363 1251 cordis
388 1191 548 1266 frequentia

223 1277 338 1337 Laudes
361 1283 509 1351 promptas

267 1364 371 1422 devoto
393 1364 513 1434 cantico,

224 1449 281 1509 Sed
306 1465 361 1507 non
385 1448 461 1507 desis

266 1541 308 1606 tu,
332 1533 490 1605 catalonia,

223 1617 381 1678 Defensata

265 1719 333 1764 ense
356 1702 518 1778 cherubim,

224 1790 330 1864 Pange,
354 1805 453 1863 prome

265 1892 318 1949 pro
340 1881 439 1934 nostro
460 1875 563 1949 angelo

224 1960 349 2021 Invitata

266 2051 306 2120 tu,
328 2046 485 2120 aragonia.

158 2148 193 2208 R.
217 2147 291 2206 Solis
313 2148 453 2222 adspersa
474 2147 582 2208 radiis*

266 2234 364 2293 Tellus
387 2234 502 2308 gaudet,
525 2250 560 2292 ex
583 2234 699 2293 aethere

223 2319 292 2378 Cum
316 2319 398 2379 nabis
419 2320 514 2378 missis
536 2320 645 2394 angelis

264 2405 343 2464 Dens
362 2411 456 2463 cessat
477 2423 495 2464 a
518 2404 647 2483 verbere,

221 2492 331 2551 Cuncta
352 2489 508 2549 succedunt
530 2508 667 2565 prospere

265 2574 325 2635 Sub
348 2590 417 2633 cura
437 2577 510 2633 tanti
533 2577 683 2650 principis,

157 2659 192 2717 V.
216 2660 295 2719 Dcus
316 2659 399 2720 nabis

265 2746 346 2804 dedit
366 2746 395 2804 in
419 2761 540 2818 vespere

224 2830 440 2891 Praesidentem

264 2916 411 2975 custodem
434 2915 565 2976 hominis.

326 3049 367 3100 Ad
386 3051 547 3118 Magnihaat

159 3157 196 3215 A.
217 3155 334 3216 Transit
357 3162 452 3215 castos

262 3241 300 3300 ad
322 3242 425 3301 vallem
447 3240 584 3315 flentium,

220 3326 286 3385 Dux
308 3328 346 3386 ad
369 3327 491 3401 plebem,

262 3414 397 3487 princeps
419 3413 456 3472 ad
479 3413 625 3487 papulum,

217 3497 387 3557 Consolatur

262 3583 369 3642 luctum
390 3584 571 3657 gementium,

220 3668 355 3728 Gaudent
376 3668 462 3728 urbes

262 3770 418 3827 persuum
440 3754 580 3829 angelum.

239 3924 295 3983 Ad
318 3924 624 3997 completorium.

321 4041 406 4108 Super
423 4043 551 4095 Psalmas.

154 4147 191 4206 Δ.
212 4147 236 4205 Ο
259 4147 422 4219 patriarche
444 4149 552 4225 populi,

259 4232 313 4304 Qui
335 4251 430 4294 caram
452 4236 528 4310 geris
550 4236 704 4314 hominnm,

217 4316 266 4375 Ad
288 4324 317 4376 te
339 4326 484 4399 suspirant
506 4321 615 4399 famuli,

879 546 955 617 Quos
969 545 1073 617 premit
1084 543 1169 617 culpa
1178 544 1341 618 criminum,

802 659 805 662 ,
837 630 941 689 Funde
962 645 1063 702 preces
1085 630 1124 688 ad
1145 629 1296 688 Dominum

881 715 965 774 More
987 715 1115 774 custodis
1137 715 1243 788 angeli.

916 849 957 900 Ad
976 851 1052 902 Nunc
1069 850 1190 902 dimittis.

778 953 814 1017 Δ.
838 954 970 1015 Christus
991 954 1065 1028 lapis
1088 969 1173 1014 verus
1195 954 1273 1013 Deus

880 1039 1065 1114 Supponatur
1086 1040 1183 1118 capiti,

840 1126 961 1185 Samum
983 1126 1076 1185 nactis
1098 1141 1135 1184 ne
1157 1126 1196 1184 ait
1217 1141 1292 1199 rcus,

882 1211 970 1270 Adsit
991 1211 1070 1270 lucta
1091 1211 1194 1289 angeli,

841 1296 958 1356 Sursum
981 1297 1101 1356 tendent
1123 1296 1199 1356 oculi

881 1382 930 1441 Ad
952 1381 1043 1441 locum
1066 1383 1171 1440 montis
1193 1381 1327 1456 Carmeli,

839 1466 896 1527 Ubi
918 1467 958 1526 nil
981 1468 1060 1527 aliud
1083 1475 1127 1528 est
1146 1484 1232 1541 quam

881 1553 989 1612 Damus
1014 1553 1077 1631 Dei,
1101 1558 1184 1628 parta
1209 1553 1290 1614 caeli.

901 1724 957 1782 Ad
980 1725 1214 1784 Matutinum.

957 1843 1151 1894 invitatorium.

839 1947 954 2006 Adsunt
975 1948 1102 2007 custodis
1123 1948 1218 2022 angeli

876 2034 967 2106 Regni
989 2034 1079 2092 nostri
1103 2033 1249 2103 solemnia,

838 2118 996 2179 Deuotione
1019 2118 1098 2192 vigili

878 2204 990 2263 Laudas
1011 2209 1126 2277 promat
1145 2204 1275 2266 ecclesia.

892 2376 934 2434 ln
956 2375 985 2438 1.
1009 2374 1213 2435 Nocturna.

965 2492 1142 2559 Antiphanes.

785 2598 813 2658 1.
836 2596 939 2657 Custos
961 2595 1045 2657 fortis
1068 2603 1098 2657 et
1118 2598 1258 2672 providus

877 2683 968 2743 Datus
991 2701 1045 2757 pro
1066 2689 1148 2742 scuto
1169 2684 1278 2762 populi,

835 2770 898 2842 Qua¹
912 2769 1007 2841 justus
1029 2767 1063 2827 fit
1083 2769 1245 2843 intrepidus

878 2855 984 2914 Plealit
1006 2870 1137 2914 coronam
1159 2855 1277 2915 homini.

783 2960 812 3018 2.
836 2955 938 3016 Servat
956 2957 1112 3016 amicitiam

879 3043 994 3102 Homini
1016 3043 1171 3116 praelatus,

835 3130 976 3202 Impetrat
997 3128 1166 3188 munditiam

877 3214 1005 3288 Angelus
1018 3214 1138 3276 ‘beatus

782 3320 811 3378 3.
835 3314 1018 3375 Confidenter
1039 3317 1148 3390 aginam

878 3401 937 3461 Sub
957 3407 1038 3460 tanto
1059 3408 1190 3476 patrona,

836 3489 892 3548 Per
913 3503 996 3561 quem
1020 3487 1106 3547 vitam
1128 3487 1268 3547 trahimus

876 3572 920 3631 De
942 3573 1059 3632 caelesti
1080 3575 1193 3633 throno.

957 3709 1143 3774 Responaoria

783 3815 810 3875 1.
834 3813 936 3873 Castra
957 3829 1073 3873 movens

878 3915 932 3973 per
953 3916 1034 3958 suum
1056 3899 1188 3976 angelum

764 4048 767 4053 ,
834 3984 936 4045 Trahit
957 3985 1035 4044 Deos

876 4069 1035 4144 subjectum
1057 4072 1203 4145 papulam,
1315 4132 1318 4138 ,

835 4157 926 4216 Nocte
947 4163 1045 4231 portat

873 4259 1022 4302 accensum
1040 4259 1164 4305 cereum.

916 4328 972 4387 Per
993 4330 1049 4388 iter
1071 4329 1193 4388 devium.
