2918 4868
590 274 817 339 -217-

516 440 559 498 25.
595 439 693 499 oratio
711 439 843 515 itsgistri
863 443 892 504 s.
965 485 968 492 ·

375 567 403 626 1.
426 566 551 639 Adonai,
574 582 625 626 rex
648 584 746 642 regum
768 568 899 647 Domino,

423 652 520 726 alpha
542 658 571 711 ot
593 671 618 710 ω
639 654 778 714 immenso
794 654 910 729 lumino,

422 736 500 796 Deus
522 737 605 797 nobis
627 739 745 814 loquens
767 741 797 799 in
819 741 940 820 homins,

423 823 560 884 Aeolomo
581 831 611 884 to
631 825 663 884 in
684 831 734 884 tuo
755 827 877 889 nomino

373 1013 401 1071 2.
426 1011 601 1072 Restaurans
623 1029 674 1072 nos
696 1019 728 1072 tu
749 1013 804 1072 Dsi
826 1013 912 1091 filins,

423 1099 462 1161 Ut
484 1097 538 1155 sim
559 1097 643 1171 liber,
663 1099 767 1174 justus,
790 1099 932 1178 innoxius,

420 1182 539 1258 Dixisti,
562 1184 604 1243 sio
625 1200 677 1244 nos
699 1201 767 1243 sors
788 1185 906 1260 liberos,

422 1268 576 1328 Libernres
598 1270 623 1328 si
645 1275 677 1329 tu
698 1287 750 1329 nos
770 1270 898 1331 miseros.

373 1458 402 1517 3.
426 1457 503 1515 Hino
525 1462 554 1515 ot
575 1462 642 1517 tuas
662 1456 783 1517 libertas
803 1458 911 1533 gloriae

420 1544 509 1614 Quam
532 1543 655 1602 servitus
677 1550 743 1603 tuas
761 1544 891 1616 justitiae

418 1626 562 1689 Justifiost
584 1644 630 1687 mo
652 1644 715 1689 oras
737 1637 766 1688 ot
789 1629 875 1689 hodia

419 1713 490 1773 Cum
513 1714 670 1774 electioni
693 1712 801 1774 fontsm
823 1717 932 1781 sanias.

367 1908 395 1964 4.
418 1904 488 1963 Tuis
511 1904 602 1963 sorvis
625 1904 740 1964 dixisti:
764 1906 864 1983 potito,

419 1990 460 2051 Ut
480 2007 659 2064 quaeramus,
681 1990 826 2050 audimus:
851 1993 990 2066 quaerite,

419 2076 459 2136 Ut
482 2076 642 2150 pulsemus:
665 2077 788 2151 pulsato,
811 2077 897 2135 tortio

416 2161 477 2221 Nos
498 2162 603 2221 invitat
624 2167 673 2222 tna
695 2162 843 2224 oonsultio.

367 2354 395 2412 5.
421 2350 477 2409 Por
497 2350 601 2408 astatis
623 2349 751 2409 divinum
773 2349 888 2408 titulum

417 2435 547 2495 visitasti
571 2452 654 2508 quam
677 2451 835 2509 nosquam
858 2436 1011 2506 saeculnm,

417 2520 501 2580 Solve
524 2520 593 2578 milri
616 2521 764 2594 culparum
787 2521 941 2599 vinculum,

416 2607 527 2680 Dignos
550 2604 641 2680 frugis
661 2606 777 2681 signans
798 2608 984 2681 manipulum.

366 2798 395 2856 6.
420 2795 489 2854 Post
509 2811 601 2854 annos
623 2799 702 2854 actos
725 2810 788 2853 oum
809 2794 970 2854 hominibus

415 2880 547 2956 Triginta
568 2885 628 2939 tres
650 2895 713 2939 cnm
737 2880 829 2939 tribus
851 2881 995 2940 mensibus

416 2966 471 3024 Est
492 2973 541 3025 tua
562 2982 639 3025 mors
660 2967 761 3025 mortis
783 2973 940 3041 perpetuae

416 3051 589 3129 Destruotio‚
611 3067 662 3111 rex
685 3068 811 3112 summas
832 3053 949 3127 glorias.

364 3242 391 3301 7.
416 3243 472 3302 Por
492 3240 626 3300 horarum
649 3248 759 3315 asptsrn
781 3241 926 3310 articulos,

413 3326 521 3398 Quibus
542 3327 580 3386 ad
603 3331 632 3386 te
654 3327 769 3386 traxisti
789 3328 912 3401 populos

413 3412 592 3472 Redimendo
613 3429 665 3472 nos
687 3419 752 3472 tuos
773 3415 911 3485 servulos,

413 3498 536 3571 aperias
558 3513 646 3571 sopor
666 3514 712 3557 ms
732 3499 839 3562 oculos.

360 3689 389 3748 8.
413 3686 485 3745 Inde
505 3686 567 3745 sola
589 3685 786 3746 misericordia

413 3771 583 3831 Praeveniat
604 3787 650 3831 ms
671 3772 701 3830 in
723 3772 847 3844 miseria,

410 3857 459 3917 Ad
480 3863 510 3916 to
532 3857 623 3916 clamo
644 3873 698 3931 por
719 3858 804 3917 horas
826 3857 916 3917 tridui

409 3945 517 4016 Qustsr
538 3942 647 4016 docem,
669 3959 688 4002 a
708 3949 738 4001 to
760 3943 882 4007 restitui.

359 4135 387 4192 9.
412 4132 467 4191 Por
488 4137 532 4190 tot
554 4131 615 4191 dios
636 4137 786 4205 postquam
808 4133 966 4192 amortuis

412 4219 513 4277 Portas
535 4218 611 4276 vitae
633 4218 763 4291 pandens
784 4219 915 4276 innocuis

411 4302 567 4362 surrexisti
589 4300 743 4362 confractis
764 4301 874 4381 inferis,

410 4389 498 4448 Ovem
520 4395 637 4461 portans
660 4389 749 4448 rsduo
770 4390 800 4449 iu
822 4389 956 4450 humoris.
