2918 4868
544 279 778 344 -101-

316 454 346 513 3.
368 453 409 514 Ut
432 454 612 514 decimentur
629 455 748 514 mandat
770 454 817 513 bic
838 455 964 515 terribili

367 539 519 613 Morteqne
542 540 646 599 dentur
667 539 770 600 affectu
791 539 932 617 horribili,

370 623 593 697 Superriventes
615 631 644 683 et
665 626 780 699 placate
802 626 897 685 animo

370 709 544 770 0bedientcs
566 727 617 769 sno
638 711 696 770 sint
717 712 849 785 imperio.

319 831 349 888 4.
370 827 427 886 Sed
450 829 517 902 qnia
538 829 601 888 Deo
623 830 722 903 nequit
743 831 807 903 quis
825 831 970 907 resistere,

371 912 503 973 Crudelis
526 915 572 974 leo
594 914 646 973 bos
668 915 767 974 beatus
790 916 905 975 vincere

371 998 435 1057 Non
459 1000 558 1059 valens
578 998 648 1058 fecit
669 1000 706 1059 ob
727 1017 807 1059 snam
829 1001 969 1060 insaniam

334 1106 340 1114 ·
373 1084 492 1143 lllornm
514 1083 598 1144 inndi
620 1086 777 1159 pretiosum
798 1087 973 1160 sangninem.

319 1209 348 1265 5.
371 1206 483 1267 Civium
505 1207 598 1266 turbis
620 1207 750 1280 adjuncti
773 1214 839 1267 sunt
861 1209 976 1268 coelicis

373 1290 481 1350 Cruore
504 1290 567 1351 fuso
591 1293 658 1351 dats
679 1294 756 1352 vitae
778 1294 911 1371 termino,

280 1434 284 1439 .
372 1376 578 1436 Maximianum
600 1377 753 1438 furientem
775 1380 893 1453 impium

374 1462 468 1537 Digne
491 1464 663 1540 spernendo,
686 1470 719 1522 ut
741 1465 884 1526 servirent
906 1466 1036 1527 Domino.

320 1585 348 1642 6.
371 1583 458 1656 Laus,
482 1583 578 1655 decus,
602 1584 703 1660 virtus,
726 1584 819 1643 bonor
840 1590 870 1642 st
892 1585 1012 1644 victoria

373 1667 445 1745 Deo,
466 1669 515 1742 qni
537 1685 610 1728 nnus
632 1669 781 1744 trinusque
802 1671 832 1729 in
854 1671 946 1744 gloria

372 1753 484 1828 Regnat
502 1761 532 1813 et
553 1760 682 1814 sanctum
703 1755 872 1815 militantem
883 1755 1044 1816 Candidum

373 1838 463 1897 Duxit
483 1839 513 1898 in
533 1841 622 1900 altum
645 1856 698 1913 per
719 1856 832 1900 sacrum
853 1842 1031 1916 martyrium.

139 1953 182 2003 Ex
200 1955 276 2005 Brev.
296 1970 342 2006 ms.
362 1954 389 2007 S.
408 1956 569 2022 Cncnpbatis
587 1960 631 2009 bei
649 1960 766 2023 Tamayo
785 1961 817 2022 V,
835 1956 894 2010 288.

418 2241 472 2298 150.
510 2242 546 2298 lle
567 2256 603 2299 ss.
621 2241 740 2300 Cordule
759 2246 787 2300 st
804 2241 918 2300 Candis.

525 2379 568 2433 Ad
586 2380 665 2450 Vesp.
685 2387 711 2434 et
728 2381 805 2436 Noct.

326 2523 354 2580 1.
377 2524 480 2595 Fulget
500 2524 559 2595 jam
583 2541 656 2582 nova
677 2525 727 2583 lux
750 2524 873 2598 binaque
893 2525 986 2598 gloria

378 2608 518 2666 Dertosae
540 2610 671 2681 rutilans,
695 2610 829 2685 Cordule,
853 2610 971 2682 Candia,

378 2694 435 2752 Per
456 2710 526 2767 quas
549 2692 674 2752 efficitur
695 2695 799 2753 nobilis
820 2695 914 2754 incula

419 2781 453 2838 In
473 2784 552 2838 terra
574 2780 685 2851 patriae
707 2781 775 2853 poli.

327 2901 356 2960 2.
381 2901 547 2960 Sanctarum
571 2900 674 2958 merita
696 2906 725 2958 et
745 2899 851 2972 gandia
872 2900 1012 2973 virginum

381 2983 516 3044 Reddnnt
538 2985 676 3043 ecclesiae
699 2983 828 3059 festaque
850 2991 1016 3061 martyrum,

380 3069 450 3128 Sese
472 3069 539 3129 dnm
561 3071 672 3129 sociant
691 3071 772 3130 milia
792 3071 901 3130 milium

421 3158 499 3216 sexu
519 3156 639 3214 militiae
657 3173 740 3217 novo.

327 3277 356 3336 3.
379 3276 473 3333 Atrox
496 3291 559 3333 cum
581 3275 694 3349 gladius
717 3275 809 3334 saevit
830 3276 859 3332 in
881 3276 1009 3349 agnulus,

378 3360 503 3432 rlingens
524 3377 670 3433 purpureo
688 3360 825 3433 sanguine
846 3361 996 3432 candidas,

380 3445 507 3518 Sponsus
529 3446 650 3519 suscipit
671 3446 723 3504 bas
746 3445 834 3504 caede
856 3447 1019 3505 cruentnlas

424 3530 636 3605 Exsultansqne
657 3531 759 3604 adjicit
780 3530 844 3590 sibi.

328 3654 356 3711 4.
381 3651 478 3710 Caesis
501 3652 658 3726 virginibus
681 3668 744 3710 cnm
766 3651 928 3711 diademate

380 3736 502 3814 Dantur,
525 3737 675 3796 sublatitat
696 3738 839 3810 lintrsqne
862 3738 996 3814 Cordnlu,

382 3822 453 3880 Cum
475 3822 564 3896 dupla
585 3823 702 3881 aureola
723 3823 814 3898 surgit
835 3829 864 3880 et
885 3839 973 3883 aurea

425 3908 542 3981 Adepta
564 3909 611 3966 die
633 3909 732 3967 altera.

331 4031 359 4087 5.
381 4028 405 4086 0
426 4044 536 4086 summa
556 4028 659 4102 deitas,
683 4028 760 4086 trina
782 4028 833 4086 sed
856 4028 949 4103 unica,

383 4114 461 4185 Quae
482 4119 525 4172 tot
546 4114 705 4187 virginibus
726 4119 861 4186 mutaque
884 4114 1011 4186 praemia

383 4199 525 4276 Praestas,
549 4199 726 4272 supplicibus
750 4199 787 4258 da
809 4199 858 4271 pia
880 4216 998 4258 munera

427 4284 518 4343 Nobis
539 4284 742 4358 propitiabilis,

149 4402 228 4451 brev.
246 4401 424 4452 Dertusanum
441 4404 504 4469 imp.
522 4401 645 4467 Lugduni
666 4399 739 4453 1542.
