2918 4868
611 275 822 340 „58-

336 451 366 512 2.
389 448 478 521 Virgo
500 446 621 521 fulgenti
643 449 777 509 redimita
797 450 866 522 sole,

388 534 470 591 Luna
492 532 545 591 sub
569 535 648 606 quus
669 535 792 607 pedibus
813 535 939 596 nitescit.

388 618 485 692 Virgo,
511 619 556 677 cui
578 619 679 677 stellae
703 620 837 680 diadema
858 624 959 679 texunt

428 704 524 777 Atque
547 710 694 766 coronant.

337 843 366 902 3.
389 840 535 913 Quamque
558 840 743 899 circumstant
767 840 889 914 Serapbi
912 847 941 899 et
962 841 1086 901 Cherubi

387 926 501 998 Angeli
525 926 628 995 virtus,
651 926 867 998 dominationes,

385 1010 537 1083 Principes
557 1011 686 1084 laudant,
708 1013 827 1071 thronus
849 1017 879 1069 et
899 1016 1038 1085 potestas,

428 1097 646 1170 Angeliarcbae.

332 1234 363 1293 4.
385 1234 530 1305 Quamque
552 1233 702 1307 mirantur,
726 1233 863 1304 recolunt,
886 1232 1010 1292 adorant

388 1317 479 1375 Terra
502 1324 684 1390 compunta,
707 1320 790 1376 simul
813 1335 872 1390 aer,
896 1319 979 1395 ignis,

387 1402 476 1473 Quam
499 1404 558 1475 poli
581 1404 658 1460 cives
681 1404 828 1462 celebrant
849 1410 997 1477 parentem

429 1488 668 1561 Cunctiparentis.

336 1630 364 1685 5.
387 1625 475 1696 Cujus
498 1623 635 1684 Allonsus
657 1626 770 1683 niveum
792 1626 930 1698 pudorem

390 1712 546 1783 Protegens
567 1717 666 1769 contra
689 1712 797 1769 rabiem
820 1712 974 1769 latranlum

385 1796 427 1852 Te
450 1795 535 1853 docet
556 1796 691 1854 mundam
714 1797 880 1855 volutante
902 1804 1016 1870 partum

428 1880 553 1953 Postque
573 1897 697 1941 manere.

335 2019 364 2076 6.
388 2016 440 2089 Qui
464 2017 538 2091 regit
560 2018 648 2075 cosmi
671 2016 867 2091 fabricamque
889 2020 983 2078 coelos

385 2101 478 2174 Gyrat
496 2103 638 2178 immotus,
661 2108 745 2175 pater
763 2110 863 2176 estque
884 2112 996 2178 gnatus,

389 2186 507 2245 Flamen
529 2195 583 2264 est,
606 2189 697 2246 trinus
720 2189 797 2247 Deus
820 2206 892 2247 unus
915 2198 982 2248 ante

430 2272 551 2332 Saecula
572 2289 693 2346 semper.

199 2393 274 2441 Brov.
292 2391 466 2441 Zamoranum
485 2393 548 2455 imp.
569 2387 642 2441 15**.

514 2643 556 2698 68.
594 2642 625 2698 ln
643 2643 826 2701 llcsccnsiona
844 2644 924 2701 llllll.

602 2789 645 2843 Ad
663 2790 835 2845 Nocturnum.

382 2937 410 2996 1.
431 2937 573 3010 Tempore
594 2938 648 2997 hoc
666 2941 758 2998 noctis
778 2942 889 2999 mediae
910 2939 1021 2999 solebat

433 3023 559 3082 Psallere
581 3023 720 3083 alfonsus
741 3025 803 3097 tibi,
827 3033 919 3085 mater
940 3027 1025 3097 alma,

432 3108 573 3181 Tempore
595 3109 650 3168 boc
672 3113 763 3169 noctis
786 3111 839 3169 tibi
861 3129 913 3170 nos
936 3119 1083 3170 cantamus

475 3196 594 3256 Cantica
615 3196 743 3257 laudum.

380 3333 410 3393 2.
433 3332 574 3405 Tempore
596 3333 651 3390 lroc
671 3334 764 3391 noctis
786 3334 897 3393 mediae
920 3340 1070 3392 coruscant

433 3417 552 3490 Templa
573 3419 667 3477 Toleti
689 3419 767 3477 velut
788 3427 867 3478 astra
889 3420 967 3495 solis,

433 3503 510 3572 Quae
533 3509 590 3572 tuo,
616 3505 704 3580 virgo,
728 3505 848 3563 rutilans
871 3504 990 3578 replesti

476 3590 595 3646 Lumine
617 3591 703 3648 claro.

380 3725 408 3783 3.
433 3722 574 3794 Tempore
597 3722 650 3780 boc
671 3723 762 3781 noctis
787 3725 901 3782 veniens
923 3724 960 3782 ab
983 3725 1052 3798 alto,

433 3807 580 3880 virginum
604 3809 704 3866 turmis
727 3810 861 3868 comitata
880 3811 979 3881 sacris,

433 3893 527 3951 Vestis
547 3891 697 3952 alfonsum
718 3896 829 3953 meritis
850 3903 975 3954 amatum

472 3979 608 4052 Tegmine
630 3996 722 4040 sacro.

381 4118 410 4177 4.
432 4115 572 4187 Tempore
595 4117 649 4173 hoc
671 4118 762 4175 noctis
786 4117 838 4174 tibi
860 4134 912 4176 nos
934 4135 1077 4192 conamen,

431 4201 526 4260 Januu
547 4218 565 4258 o
588 4203 666 4273 celsi,
691 4204 745 4274 via,
769 4203 850 4260 limes
873 4205 964 4274 aulae,

435 4286 513 4344 Pelle
535 4299 697 4359 grassantes
719 4288 807 4347 Erebi
830 4296 960 4349 catervas

476 4371 616 4446 Tempore
638 4375 669 4431 in
690 4375 754 4436 isto.
