2918 4868
605 261 838 329 -147-

386 438 415 497 2.
439 435 513 495 Bina
535 436 642 495 deserti
665 453 803 511 generosa
823 438 929 514 proles,

440 521 496 581 Hic
517 521 558 580 ibi
580 522 709 582 scribens
731 523 856 582 edamus
877 521 1002 595 refloret,

438 607 502 666 Vox
524 607 572 665 ubi
595 608 721 667 clamans
743 605 836 668 tuerat
859 609 1000 682 propheta

480 693 534 751 llle
555 694 690 754 loannes.

387 815 415 873 3.
439 813 527 873 Sacra
549 813 692 871 solventes
714 812 768 871 tibi
787 813 991 887 supplicamus,

438 899 566 971 Impetra
587 898 669 957 nobis
691 914 827 972 superare
848 900 995 974 mundum,

437 984 492 1043 llle
514 983 562 1056 qui
584 983 683 1042 mundi
704 983 788 1043 toties
810 983 923 1043 solebas

481 1069 603 1127 Vincere
624 1086 744 1143 pugnae.

386 1193 415 1249 4.
439 1191 502 1249 Hoc
524 1188 624 1248 damus
646 1204 747 1247 nomen
770 1188 824 1247 tibi
847 1189 1011 1262 cardinalis,

438 1275 577 1335 cardines
599 1275 702 1333 mentis
724 1275 790 1347 quia
811 1281 843 1333 tn
864 1273 1016 1353 gubernas,

438 1359 542 1431 Cerdo,
565 1377 621 1433 quo
643 1366 758 1419 nostrae
779 1359 848 1419 fidei
869 1376 986 1419 securus

479 1445 611 1505 Vertitur
631 1445 703 1508 exis.

386 1569 414 1625 5.
439 1565 502 1624 Sint
524 1565 601 1638 patri
621 1564 721 1624 laudes
742 1564 893 1640 genitoque
915 1581 1050 1640 summae,

436 1650 561 1709 Flamini
584 1666 701 1724 compar
724 1650 809 1709 decus
831 1657 916 1723 atque
938 1651 1040 1726 virtue,

436 1737 489 1810 Qui
512 1736 566 1794 tibi
589 1737 676 1795 donet
697 1751 740 1808 ea,
763 1751 835 1808 quae
857 1750 910 1809 pro
932 1735 1014 1795 nobis

435 1883 437 1887 ,
479 1822 611 1881 Pasceris
632 1838 765 1895 uuquam.

207 1941 282 1990 Brev.
300 1940 350 1990 l‘l'.
370 1940 396 1990 S.
415 1941 571 2005 Hieronymi
590 1941 652 2004 imp.
670 1939 794 2005 Lugduni
814 1934 888 1989 1547.
905 1940 937 1990 A.
955 1962 987 1972 -
1007 1941 1082 1990 Brev.
1100 1939 1152 1990 FF.
1171 1939 1198 1990 S.
1216 1941 1311 1991 Hiero-

137 2008 210 2073 nymi
228 2009 290 2073 imp.
310 2008 535 2073 Caesaraugustae
555 2005 629 2058 1562.
646 2009 676 2058 B.

501 2223 562 2281 tre.
597 2222 635 2280 lte
654 2224 752 2281 saneto
770 2223 943 2295 llieronymu.

608 2345 651 2400 Ad
668 2345 840 2402 Nocturnum.

138 2469 165 2529 1.
191 2469 274 2527 Nunc
295 2475 394 2528 sancte
415 2476 513 2528 nostra
533 2470 651 2544 spiritus
750 2472 778 2532 3.
803 2469 909 2529 Christi
930 2467 1016 2527 fidem
1038 2474 1069 2527 tu
1091 2467 1228 2541 protegis,

189 2556 307 2615 Interna
328 2560 413 2629 lange
435 2562 561 2629 pectore,
802 2557 916 2615 Adoras
939 2559 968 2612 et
989 2553 1171 2628 praesepium

190 2639 309 2715 Largire
331 2658 383 2699 nos
405 2643 610 2717 Hieronymum
802 2641 976 2713 crucemque
998 2646 1092 2713 gestas
1115 2654 1245 2717 corpore,

189 2725 301 2785 Edeme
320 2727 405 2799 justis
429 2727 571 2789 laudibus.
801 2726 906 2788 Potiris
926 2726 987 2797 jam
1008 2724 1182 2801 praesentia,

136 2831 166 2889 2.
189 2828 296 2887 Mentis
319 2827 441 2903 refulget
463 2831 577 2903 lumine,
747 2834 776 2893 4.
800 2832 878 2903 Quae
893 2845 958 2900 vox,
981 2843 1054 2901 quae
1068 2833 1107 2899 te,
1124 2827 1309 2901 Hieronyme,

188 2915 303 2973 Ardere
324 2915 419 2974 cordis
442 2915 606 2990 conflagrat,
801 2915 935 2975 Laudare
957 2914 1054 2986 lingua
1075 2913 1192 2986 poterit,

188 3000 320 3058 Illustrat
340 3000 419 3058 orbis
442 3002 573 3059 cardines
801 3001 832 3061 si
855 3005 958 3059 cuncta
979 2996 1050 3059 felix
1066 2999 1224 3072 conspicis,

188 3084 308 3144 Divinus
329 3086 384 3144 iste
406 3084 518 3147 lucifer.
800 3088 878 3158 Quae
899 3085 1044 3159 panderes
1066 3084 1212 3160 mysteria.

468 3194 495 3251 5.
519 3192 553 3249 In
576 3197 738 3248 sanctorum
758 3187 959 3263 splendoribus

519 3276 577 3335 Uni
599 3276 661 3334 Deo
683 3277 722 3334 sit
743 3275 843 3350 gloria,

519 3360 688 3435 Hieronymi
709 3360 757 3434 qui
780 3358 914 3432 precibus
952 3392 954 3396 -
1064 3427 1070 3439 ι

520 3446 576 3505 Det
598 3447 680 3506 nobis
703 3444 774 3505 coeli
796 3445 910 3519 gaudia.

202 3566 279 3616 Brev.
297 3567 348 3616 FF.
367 3566 394 3617 S.
412 3567 567 3631 Hieronymi
587 3568 649 3628 imp.
668 3565 792 3631 Lugduni
811 3561 885 3615 1547.
903 3563 934 3613 Α.
952 3586 986 3597 -
1004 3563 1081 3612 Brev.
1100 3560 1150 3610 FF.
1169 3561 1196 3610 S.
1216 3560 1309 3610 Hiero·

133 3635 206 3699 nymi
225 3636 288 3700 imp.
306 3635 534 3702 Caesaraugustae
556 3631 630 3686 1562.
649 3635 679 3685 B.

504 3851 565 3908 247.
602 3850 641 3908 lle
659 3852 756 3907 sancto
776 3848 952 3920 Hieronymo.

628 3971 671 4025 Ad
689 3969 804 4026 Laudas.

422 4100 449 4158 1.
474 4098 621 4172 Surgimus
643 4096 743 4155 laudes
765 4094 866 4153 morito
889 4097 1031 4164 canentes,

474 4183 538 4243 Sint
559 4181 659 4257 procul
682 4180 784 4253 somni,
807 4179 931 4253 gloriosa
953 4177 1027 4236 iesta

473 4269 610 4329 Excitant
632 4273 752 4339 mentes,
774 4264 938 4339 animosque
961 4259 1067 4323 tollunt

508 4354 622 4414 Gaudia
643 4369 764 4414 sursum.

1103 4440 1155 4500 10*
