2918 4868
66 855 68 859 '
161 845 189 905 1.
213 843 299 903 Suum
322 842 474 904 fundentes
496 845 662 919 sangninem

632 224 846 288 ..73-

215 400 298 459 Nunc
321 401 415 476 regnis
437 401 466 459 in
490 401 633 474 empyreis
881 398 922 457 In
945 402 975 462 3.
998 399 1206 461 Nocturno.

259 487 340 545 Laeti
359 488 516 560 junguntur
539 486 683 560 gressibus
956 516 1131 581 Antiphonem.

301 573 374 646 ΑΨ
398 573 582 632 immam·
779 622 807 682 1.
832 621 863 681 si
886 621 1163 680 ammonuimus

871 707 1025 766 Tormenta
1046 708 1235 780 pertulerunt,

828 792 948 853 lllorunr
970 793 999 850 in
1019 792 1189 851 coelestibus

871 879 929 951 Spe
951 878 1024 936 salvi
1046 886 1273 952 permansemnt.

338 743 524 807 Responsoria.

257 931 414 1003 pretiosum
436 931 589 1004 gloriosum

213 1015 310 1074 secuti
332 1023 397 1074 sunt
777 998 806 1059 2.
830 996 902 1057 Sunt
923 997 959 1056 ab
982 1005 1098 1057 aeterno
1119 999 1226 1057 lumine

257 1107 412 1175 martyrem
438 1106 589 1176 mmm,
870 1083 980 1142 Lumen
1002 1083 1184 1161 recipientes,

214 1187 360 1247 Christum
383 1186 583 1262 Christicolae,
828 1168 882 1240 Qui
901 1168 1020 1266 §tabant
1041 1171 1071 1227 in
1093 1170 1248 1229 collatitiae

255 1290 341 1330 unum
363 1273 468 1346 gemini
871 1254 920 1313 er
942 1270 1061 1328 prorsus
1083 1261 1251 1334 metuentes,

297 1359 497 1456 praedicati&
543 1444 549 1456 1
775 1376 804 1436 8.
828 1373 887 1432 Sub
910 1375 986 1448 Agni
1009 1375 1071 1434 sine
1092 1377 1205 1435 macula

212 1444 301 1517 Inque
324 1450 452 1518 magistri
475 1459 589 1502 nomme
870 1459 1007 1520 Tentorio
1029 1461 1078 1534 qui
1098 1462 1261 1535 concinunt,

254 1529 388 1603 discipuli
411 1528 549 1588 miracula
913 1545 996 1604 Beati
1019 1547 1203 1621 cytharistae,

297 1617 370 1673 mira
391 1621 458 1673 sunt
479 1622 640 1687 operantes.
828 1630 894 1688 ,lam
916 1648 968 1689 sna
990 1632 1175 1692 tabernacula

149 1702 182 1760 V.
212 1701 321 1759 Horum
343 1707 461 1774 precatu
872 1715 934 1774 Deo
952 1717 1072 1789 jubente
1094 1724 1262 1777 constmunt

215 1786 289 1844 Reos
312 1802 330 1843 a
352 1791 433 1845 reatu
913 1802 952 1860 Hi
975 1801 1064 1862 fortes
1086 1805 1242 1878 agonistae.

213 1871 346 1943 Resolse,
368 1871 492 1942 Christe,

212 1956 281 2028 Nos,
304 1972 374 2030 qnos
398 1956 459 2016 dies
480 1956 535 2014 iste
952 1938 1137 2003 Reuponsoria.

253 2042 361 2114 reperit
383 2047 412 2099 te
434 2041 637 2116 glorificantes.
778 2043 806 2100 1.
829 2039 906 2100 Saxa
928 2048 1015 2101 ruunt
1034 2041 1114 2113 jacta

159 2162 188 2219 a.
212 2158 325 2220 aurula
351 2160 405 2218 ner
428 2161 534 2219 lumine
871 2127 978 2186 sancta
1000 2124 1141 2201 fauentia
1161 2134 1275 2186 anctos

213 2245 326 2304 Laudes
349 2246 476 2318 psallunt
498 2248 526 2306 in
551 2263 675 2321 carcere,
827 2212 941 2286 Fitque,
965 2211 1041 2285 q¹¹⁰d
1064 2213 1173 2271 imm
1318 2300 1325 2313 .

212 2331 336 2390 [seducti
360 2347 457 2390 comm
479 2333 613 2404 praeside
869 2314 952 2357 sacra
973 2297 1102 2356 membra
1122 2304 1247 2369 manent,
1277 2297 1327 2358 ubr

210 2417 294 2474 Hunc
317 2423 441 2491 arguunt
461 2417 609 2497 perfidiae,
1123 2387 1218 2442 ‘³¹¹1OE

211 2502 303 2600 Mare,
326 2500 457 2602 flammas
480 2504 625 2602 terribiles
827 2468 1076 2615 Ptffiffiml?
1088 2469 1222 2614 3:32,oe

211 2587 364 2733 fflnslmp
386 2589 576 2688 Βριμὼ
762 2640 796 2702 V.
824 2640 848 2700 0
871 2640 972 2712 sancti,
995 2638 1116 2713 rogitate
1224 2605 1231 2619 ι

290 2689 349 2733 aesr
371 2680 557 2736 transierunt.

147 2759 181 2820 v,
209 2758 313 2833 Stupet
334 2767 474 2833 tyrannus
496 2761 625 2820 saeviens
825 2811 854 2869 Η
869 2742 887 2784 a
901 2726 1014 2825 ,nostris
1033 2725 1131 2824 jacula
1152 2726 1225 2785 votis

252 2845 282 2902 i„
305 2851 456 2918 martyres,
854 2811 951 2870 ostilia
971 2816 1062 2871 averti

210 2930 264 3001 Qui
286 2931 401 3004 quidem
423 2932 523 2990 invio„
869 2898 943 2956 sicut
966 2897 1077 2957 directa
1098 2896 1179 2956 vobis
1200 2903 1267 2956 sunt

254 3023 472 3088 ,mmmm
824 2983 897 3041 Tela
918 2998 1035 3042 reversa

474 3066 481 3080 ‘
826 3069 861 3128 In
882 3069 1049 3141 jactatores.

771 3190 799 3249 2.
824 3188 923 3250 Sancti
945 3194 1086 3264 martyres
1110 3187 1259 3248 dixerunt:

824 3275 979 3333 Tormenta
1000 3279 1050 3332 tna
1070 3290 1128 3332 non
1148 3275 1291 3347 timemus,

824 3359 881 3419 Sed
903 3364 934 3418 ut
956 3358 1102 3419 schemata
1124 3361 1327 3420 contemnimus

825 3445 885 3504 Fac
918 3461 995 3522 ergo,
1033 3445 1109 3519 quod
1142 3445 1195 3518 vis,
1232 3446 1327 3519 parati

1118 3547 1214 3591 snmus

159 3138 187 3195 3.
213 3134 285 3194 Sunt
308 3142 490 3194 exsecrantes

253 3221 347 3278 sancti
367 3221 521 3280 simulacra
546 3223 674 3295 deorum,

210 3305 294 3365 Idola
317 3306 494 3379 damnantes,

253 3391 415 3450 habitacula
432 3392 651 3471 daemoniomm,

210 3476 328 3535 Famine
351 3494 407 3536 non
429 3484 540 3537 tantum

251 3563 708 3644 vernmsedsangninechristnm,
886 3617 892 3629 .
1188 3617 1195 3630 .

209 3648 263 3718 Qu,
287 3654 365 3707 crea,
386 3655 416 3707 e,
437 3656 549 3709 recrea,
824 3616 927 3676 Subrre
942 3621 1044 3675 cuncta
1055 3633 1109 3689 pro
1120 3632 1235 3676 nomine
1244 3616 1324 3678 Jesu.

253 3749 287 3791 ac
309 3733 443 3793 mundum
466 3735 572 3795 liberat
592 3737 687 3808 istum,
761 3701 795 3765 v·
823 3701 883 3760 N⁰⁸
906 3703 981 3760 enim
1003 3719 1060 3761 ”⁰¹¹
1083 3703 1211 3761 mimus
1271 3789 1278 3802 .
1304 3788 1310 3801 .

295 3819 368 3878 Esse
390 3819 569 3893 pmfioenm,
823 3786 906 3846 Idola
924 3804 998 3846 vana
1019 3793 1048 3845 et
1070 3803 1206 3932 anegalsex
1220 3788 1325 3862 lapidi·

824 3959 897 4029 Quia
918 3974 1017 4017 verum
1039 3957 1131 4016 Deum
1154 3918 1281 4032 colimus,

825 4046 882 4104 Pro
898 4061 954 4118 quo
968 4051 1032 4102 tuus
1047 4044 1139 4103 minus
1154 4045 1323 4117 spernimus.

147 3905 180 3967 V.
207 3904 362 3977 Impudens
384 3922 511 3985 praeses,

253 4005 301 4048 eos
330 3991 375 4050 dis
397 4008 449 4050 cur
470 3992 576 4066 absque
598 3993 709 4066 pudore

209 4074 377 4134 Sacrificare
396 4076 490 4149 jubes,

254 4177 371 4234 quorum
394 4168 452 4220 stat
468 4163 587 4222 daemon
603 4164 633 4222 in
648 4180 708 4241 ore,
774 4167 801 4224 3.
824 4163 913 4223 Simul
936 4163 966 4221 hi
987 4163 1079 4222 sanct
1102 4169 1252 4241 martyres,

211 4245 320 4319 Quique
343 4247 420 4306 velut
444 4248 538 4321 pulvis
824 4249 946 4323 Superni
969 4249 1046 4324 regis
1067 4250 1188 4322 pugiles,

255 4329 492 4405 confringentur?
868 4337 985 4398 cosmus
1007 4341 1037 4392 et
1058 4334 1224 4412 Damianus,
