2918 4868
643 252 852 321 ..72-

162 433 190 491 7.
213 431 254 489 Te
277 430 442 491 crucifixum
464 431 615 505 poscimus,
776 432 805 490 8.
829 429 909 489 Patri
931 429 1052 488 sitlans
1074 429 1210 504 ingenito,

213 517 253 576 Ut
276 517 403 575 crucifixi
421 517 555 590 precibus
828 517 905 576 Laus
928 516 989 586 ejus
1012 514 1166 589 unigenito,

213 601 273 660 Nos
296 603 334 661 ad
357 604 429 661 coeli
451 603 560 675 palatia
829 601 961 675 Lunaque
983 601 1020 658 sit
1041 617 1124 658 sacro
1145 598 1253 658 flamini

214 689 277 747 Tua
296 688 437 760 perducat
458 689 560 762 gratia.
831 689 959 746 Aeterno
982 687 1053 744 coeli
1076 687 1192 745 numini.

228 807 303 854 Brev.
328 822 376 854 mn.
395 804 624 869 Calagurritanum
648 819 716 854 saec.
737 801 776 853 15.
795 804 859 854 Cod.
877 804 1063 853 salmanticam
1085 800 1141 852 186.
1160 803 1190 851 Α.
1210 828 1242 836 -
1261 802 1339 851 Brcv.

161 873 390 938 Calagurritanum
409 880 436 923 ot
454 874 618 924 Calciatenao
637 876 699 938 imp.
718 874 843 922 Lucronii
865 869 938 922 1543.
955 874 986 922 Β.

559 1063 605 1128 92.
638 1062 676 1119 lle
693 1065 790 1118 sancto
809 1060 932 1118 Andros.

633 1183 677 1237 ad
695 1183 868 1239 Nocturnum.

162 1314 190 1372 1.
215 1311 349 1369 Andreae
372 1309 474 1368 festum
497 1310 608 1383 pariter
776 1314 804 1370 5.
829 1310 885 1367 llio
906 1310 1067 1381 praesulem
1090 1310 1258 1382 piissimum,

214 1397 398 1454 Celebrantes
421 1396 601 1453 concorditer
827 1394 931 1452 Eidem
955 1395 1177 1466 devotissimum,

214 1482 373 1539 Psallamus
396 1481 450 1538 Dei
472 1481 577 1554 genito,
829 1479 959 1538 Frandes
981 1480 1070 1538 hostis
1093 1481 1225 1540 evincere

216 1568 272 1625 Pro
291 1566 373 1625 nobis
394 1567 479 1623 morti
501 1565 609 1624 dedito.
830 1564 913 1622 Fecit
933 1565 1049 1623 coelesti
1072 1581 1198 1629 munere.

161 1673 190 1730 2.
213 1667 270 1726 Hic
292 1669 412 1741 pulcher
433 1669 462 1726 in
485 1668 672 1740 sermonibus,
775 1667 803 1725 6.
827 1667 884 1724 Hic
905 1685 922 1724 a
943 1667 1044 1724 mortis
1066 1668 1195 1740 periculo

213 1754 341 1812 Decorus
365 1755 394 1812 in
411 1754 556 1826 operibus,
829 1751 947 1810 Sublato
970 1752 1036 1810 colli
1058 1753 1172 1811 vinculo

214 1839 314 1898 Crucis
337 1838 444 1898 Christi
466 1839 621 1911 praeconia
829 1837 996 1895 Fortuninm
1019 1838 1125 1910 eripuit

214 1924 337 1983 Difindit
358 1924 387 1982 in
410 1924 528 1983 Achaia.
828 1923 867 1980 Et
889 1928 980 1979 tutum
1002 1922 1059 1980 iter
1081 1923 1188 1984 docuit.

162 2030 190 2087 3.
215 2028 338 2085 Vocatus
362 2027 397 2084 de
418 2026 560 2098 navicula,
776 2012 803 2070 7·
826 2024 906 2100 Jesu,
929 2025 1096 2097 redemptor
1117 2026 1208 2097 unice,

213 2112 347 2171 Evadeus
365 2111 463 2169 mundi
487 2111 611 2184 vincula,
830 2109 890 2166 Nos
913 2115 941 2167 te
964 2116 1115 2183 precantes
1138 2112 1259 2186 respice,

215 2199 342 2270 Sequens
365 2196 507 2255 Christum
531 2196 658 2254 fideliter
828 2195 870 2256 Ut
891 2196 1026 2253 Andreae
1049 2195 1183 2268 suffragio

215 2283 308 2342 Coelis
328 2289 427 2355 regnat
449 2283 622 2356 perenniter.
828 2281 907 2341 Coeli
930 2280 1057 2339 locemur
1078 2282 1160 2340 solio.

161 2391 190 2446 4.
215 2385 292 2445 Urbs
314 2386 416 2443 Patras
438 2386 543 2458 gaudet
562 2385 679 2458 jugiter,
775 2386 803 2444 8.
827 2383 897 2456 Regi
920 2399 1043 2455 superno
1065 2383 1210 2456 supplices

214 2472 303 2542 Quam
326 2470 459 2529 Andreas
482 2468 606 2527 feliciter
828 2467 942 2526 Laudes
966 2469 1064 2526 demus
1089 2468 1272 2541 multiplices,

213 2556 367 2614 Decoravit
391 2556 528 2627 martyrio
827 2553 880 2624 Qui
904 2553 955 2611 dat
976 2554 1035 2610 suis
1056 2555 1194 2626 apostolis

213 2644 317 2700 Passus
341 2657 393 2712 pro
415 2640 469 2697 Dei
491 2639 560 2698 filio.
829 2638 1014 2710 Congaudere
1035 2655 1099 2696 cnm
1122 2640 1240 2711 angelis.

230 2758 305 2806 Brcv.
326 2774 371 2806 rna.
390 2757 619 2821 Calagurritunum
639 2771 708 2805 saec.
730 2754 768 2805 15.
787 2755 851 2806 Cod.
871 2756 1059 2806 Salmantiocn.
1079 2753 1135 2806 186.
1158 2759 1188 2806 A.
1211 2784 1242 2792 -
1261 2759 1337 2807 Brev.

160 2826 391 2890 Calagurritanum
408 2831 435 2874 ct
452 2825 617 2875 Culciutenae
635 2826 697 2889 imp.
715 2826 842 2875 Lucronii
864 2820 936 2874 1543.
955 2826 986 2874 B.

559 3013 601 3069 93.
636 3013 675 3070 ile
692 3016 788 3071 sancto
806 3013 925 3070 Andraa.

612 3136 643 3189 ln
663 3136 743 3205 Vesp.
762 3143 789 3190 et
805 3136 890 3191 Laud.

161 3264 188 3322 1.
212 3262 333 3320 Senatus
355 3264 503 3334 apostohci
776 3265 804 3323 3.
828 3262 851 3322 0
874 3260 944 3319 felix
967 3264 1148 3334 permutatio,

213 3349 293 3406 Inter
314 3348 441 3406 bissenos
464 3349 609 3421 principes
828 3348 920 3405 Parvo
944 3355 1041 3406 vectus
1063 3349 1176 3422 navigio

213 3433 312 3491 Crucis
334 3439 444 3491 amator
466 3432 604 3504 fervidus,
829 3433 968 3492 Praedam
992 3434 1127 3506 captabat
1148 3433 1279 3507 piscium,

212 3520 345 3577 Andreas
367 3516 458 3591 fulget
479 3519 602 3580 inolitus.
829 3521 918 3592 Quam
941 3536 1007 3577 mox
1029 3519 1145 3592 collegit
1168 3521 1320 3581 hominum.

160 3625 189 3681 2.
214 3620 358 3679 Christum
381 3627 527 3679 vocantem
551 3624 679 3695 sequitur
774 3625 803 3681 4.
827 3620 920 3680 Claris
943 3621 1059 3679 landum
1082 3622 1242 3694 praeconiis

213 3709 293 3765 Inter
315 3707 422 3778 primos
445 3707 565 3778 collegii,
825 3706 897 3777 Ejus
920 3707 1082 3779 triumphus
1104 3707 1217 3778 colitur,

212 3791 353 3863 Egressus
375 3811 392 3850 a
415 3791 546 3849 navicula
826 3792 889 3866 Qui,
912 3809 996 3864 quarn
1019 3792 1152 3850 laudibus
1175 3794 1285 3870 extulit,

212 3877 359 3948 Relinquit
380 3883 491 3949 patrem
514 3892 548 3935 ac
573 3876 654 3937 retia.
828 3878 946 3935 Crucem
970 3876 1100 3950 perferre
1119 3878 1217 3938 voluit.

517 3982 545 4041 5.
570 3979 650 4038 Patri
672 3980 710 4036 sit
732 3978 793 4036 laus
816 3979 951 4050 ingenito,

568 4063 612 4122 Sit
634 4069 701 4121 nato
724 4064 810 4121 decus
832 4064 924 4133 unico,

569 4150 613 4207 Sit
634 4149 781 4222 paracleto
802 4149 894 4222 gloria

570 4237 603 4293 ln
627 4235 800 4307 sempiterna
822 4235 943 4293 saecula.

226 4352 302 4400 Brev.
321 4351 453 4401 Abulense
473 4354 533 4416 imp.
554 4351 730 4401 Salmanticae
750 4348 822 4401 1551.
