2918 4868
645 246 875 310 -Ῑ46-

353 420 539 484 Responsoria.

180 525 207 585 1.
230 523 345 596 Martyr
366 523 420 584 Dei
443 523 576 599 gloriosa,

230 609 357 668 Caritate
379 608 502 687 copiosa,

272 694 381 753 Diebus
404 710 438 753 ac
459 694 600 766 noctibus,

231 781 365 840 Lenitate
387 779 512 854 radiosa,

231 864 420 926 Permanebat
442 866 570 925 studiosa

274 953 306 1010 ln
326 951 519 1025 orationibus3

172 1038 205 1099 V.
233 1038 327 1096 Corde
350 1035 446 1095 ferens
466 1044 495 1095 et
517 1038 547 1096 in
569 1054 618 1096 ore

276 1123 410 1182 Sanctum
434 1123 610 1197 evangelium

232 1207 289 1266 Suo
310 1206 386 1266 fudit
407 1224 460 1281 pro
481 1214 598 1267 auctore

276 1293 411 1352 Cruorem
434 1294 587 1352 innoxium.

179 1418 210 1475 2.
234 1415 323 1475 Juxta
345 1418 457 1486 tempus
479 1413 620 1486 passionis

234 1498 310 1574 Suae
333 1498 543 1572 deprecationis

274 1584 378 1663 Vocem
401 1584 480 1643 Deus
502 1584 631 1657 audiens,

233 1669 388 1729 Postulatis
411 1668 486 1728 datis
509 1670 592 1729 donis

234 1755 422 1828 Sempiternis
444 1770 505 1811 eam
528 1754 611 1814 bonis

276 1840 386 1899 Ditavit
408 1838 583 1915 suscipiens3

171 1928 206 1990 V.
236 1926 402 1985 Dccollatae
422 1924 494 1983 coeli
518 1932 613 1984 coetus

276 2010 409 2071 Obviavit
432 2011 572 2084 protinus,

234 2098 416 2158 Mansuetam
436 2105 598 2156 mansuetus

277 2183 434 2242 Exaudivit
457 2183 604 2242 Dominus.

185 2310 215 2367 3.
238 2304 336 2363 Turba
358 2305 435 2362 venit
457 2304 655 2377 languidorum

234 2390 393 2451 Pretiosum
416 2397 445 2448 et
468 2390 600 2448 decorum

277 2475 470 2548 Corpus.ejns
490 2482 617 2550 tangere,

234 2562 320 2633 Cujus
343 2566 422 2620 tactu
445 2561 488 2619 vis
509 2560 671 2620 morborum

237 2647 277 2706 Et
299 2645 404 2704 acerba
427 2663 496 2704 crux
520 2645 649 2722 dolorum

280 2731 443 2790 Recedebat
467 2747 605 2806 propere3

172 2822 207 2879 V.
234 2817 403 2891 Inpetravit
423 2817 584 2890 Margarita

278 2903 411 2962 Divinam
435 2903 624 2976 clementiam,

233 2989 392 3048 Evidenter
414 2987 527 3047 infinita

279 3075 362 3134 Facit
384 3073 536 3137 mirabilia.

410 3244 501 3293 Prona.

186 3367 211 3425 1.
234 3365 328 3437 Salve,
351 3371 463 3441 martyr
484 3366 650 3439 Margarita,

235 3450 304 3509 Jesu
326 3451 433 3510 Christi
452 3452 585 3511 redimita

279 3536 408 3596 Pretiosa
431 3539 576 3610 sangnine,

237 3622 314 3696 Lege
335 3623 415 3694 cnjus
438 3623 551 3681 erudita

238 3708 335 3766 Zelurn
360 3707 451 3779 patris
473 3724 504 3764 es
526 3708 616 3768 oblita

280 3793 355 3853 Divo
379 3792 465 3852 dante
486 3791 608 3852 flamine.

185 3917 214 3975 2.
238 3915 272 3974 In
295 3913 420 3972 adventu
443 3914 540 3984 sponsi
563 3914 679 3986 Christi,

237 4000 325 4073 Virgo
347 3998 425 4072 vigil,
448 3998 604 4057 ascendisti

281 4085 428 4157 Lampade
451 4101 513 4141 cnm
535 4085 608 4158 olco,

238 4171 395 4232 Pretiosam
418 4169 552 4228 invenisti

236 4256 433 4329 Margaritam
457 4272 540 4328 quam
564 4257 657 4315 emisti

281 4343 312 4399 ln
336 4349 477 4399 momento
499 4358 592 4402 aureo.

795 425 824 484 3.
847 421 892 479 Tu
914 420 1048 481 thesauro
1071 426 1220 496 reportato

848 505 965 565 Gaudes
987 523 1057 580 agro
1079 512 1255 567 commutato

889 593 945 650 Pro
967 592 1089 651 terrenis
1111 590 1225 666 opibus,

846 677 931 737 Unde
953 677 1049 751 virgas
1069 678 1174 737 iterato

845 763 1002 832 Pertulisti,
1024 764 1150 823 lacerato

888 848 992 907 Latere
1014 847 1206 923 lampadibus.

793 954 823 1012 4.
847 951 942 1010 Draco
965 968 1031 1009 snos
1051 949 1158 1025 frangit
1179 953 1282 1031 rictus,

848 1038 954 1095 Perta
977 1037 1054 1096 cedit
1074 1037 1195 1097 damon
1219 1039 1318 1098 vietus

888 1124 922 1183 In
945 1121 1066 1182 obscuro
1089 1138 1213 1195 carcere,

848 1207 888 1268 Ut
910 1205 1072 1281 praefectus
1094 1208 1264 1269 maledictus

851 1293 948 1370 Ensis,
970 1299 1050 1352 rotae
1072 1294 1149 1353 misit
1170 1295 1247 1354 ictus

889 1379 931 1437 Te
952 1379 1127 1452 prostrando
1150 1378 1262 1445 funere.

795 1487 824 1543 5.
848 1482 896 1540 Sic
918 1498 971 1553 pro
993 1482 1109 1542 Christo
1131 1482 1277 1545 decollata

847 1567 1013 1626 ascendisti
1036 1576 1171 1628 coronata

889 1653 938 1711 Ad
960 1652 1032 1711 coeli
1055 1652 1172 1730 palatia,

849 1739 927 1813 Ergo
949 1755 1003 1811 per
1025 1746 1053 1797 te
1074 1756 1135 1814 nos,
1160 1739 1257 1811 beata,

848 1824 911 1883 Duc
933 1841 986 1897 per
1007 1833 1126 1883 mortem
1148 1826 1315 1900 adoptata

891 1910 1022 1968 Paradisi
1045 1911 1159 1984 gaudia.

934 2151 975 2209 In
996 2150 1203 2212 Laudibus.

977 2268 1152 2334 Antiphonae

799 2374 826 2451 1.
850 2373 1023 2432 Solemnitas
1045 2373 1183 2433 hodierna

850 2458 910 2517 Nos
933 2459 1034 2517 invitat
1057 2460 1093 2517 ad
1116 2463 1234 2518 aeterna

787 2597 793 2606 .
891 2546 1039 2605 iustorum
1062 2544 1201 2605 convivia.

798 2647 827 2708 2.
851 2646 922 2706 Viae
944 2652 1055 2720 martyr
1077 2653 1120 2705 est
1141 2647 1270 2724 lucerna,

849 2732 1015 2791 Monstrans
1036 2732 1093 2790 iter
1113 2732 1151 2791 ad
1173 2748 1302 2806 superna

894 2818 1081 2876 vendicanda
1102 2818 1238 2892 praemia.

799 2925 829 2980 3.
852 2920 939 2993 Virgo
961 2920 1037 2977 mitis
1059 2926 1088 2977 et
1109 2936 1221 2993 serena,

853 3006 964 3066 Pietate
985 3006 1061 3064 omni
1082 3007 1177 3081 plena,

894 3090 953 3150 Fer
975 3091 1031 3149 reis
1054 3091 1189 3151 remedia.

799 3199 826 3255 4.
852 3195 1016 3254 Temninata
1038 3194 1119 3254 brevi
1140 3211 1233 3268 poena

852 3281 976 3339 Deitatis
998 3297 1073 3338 nnnc
1095 3297 1213 3339 amoena

896 3366 1014 3424 Fruitur
1035 3367 1206 3439 praesentia.

802 3475 830 3531 5.
855 3471 919 3528 Non
942 3476 1109 3542 pervertant
1132 3486 1182 3528 nos
1205 3477 1331 3543 terrena,

855 3557 915 3613 Neo
939 3556 1086 3613 trahamur
1107 3554 1146 3613 ad
1169 3554 1313 3616 obscaena

894 3641 1029 3713 Corporis
1053 3639 1192 3713 contagia.

955 3810 995 3859 Ad
1013 3809 1178 3860 Benedictus.

789 3917 825 3976 A.
849 3917 1025 3974 Veneremur
1046 3915 1228 3986 salvatorem,

853 4001 905 4072 Qui
928 4017 1083 4073 poenarum
1107 4017 1159 4072 per
1182 4000 1310 4059 laborem

894 4087 931 4145 Et
955 4086 1173 4144 amaritudinem

852 4172 964 4231 Sanctis
987 4172 1046 4228 suis
1069 4171 1119 4229 dat
1142 4173 1274 4231 docorem

852 4259 890 4316 Et
913 4274 1044 4315 coronam
1069 4264 1098 4314 et
1120 4258 1265 4328 honorem,

895 4345 1050 4402 Perennem
1075 4343 1265 4403 dnlcedinem.
