2918 4868
628 270 836 335 ,47-

137 450 171 509 5.
197 446 255 504 llic
279 444 362 521 dixit,
385 443 488 518 quodsi
510 442 639 504 facerent
762 450 791 507 6.
816 448 953 504 Annuunt
975 446 1030 521 ipsi
1053 446 1193 519 protinus,

195 533 315 591 Festum
337 530 423 603 hujus
446 535 476 587 et
497 529 560 588 fieri
815 536 932 604 Aequor
953 532 1070 603 planum
1091 529 1225 602 efficitur,

195 615 243 675 Ab
265 615 330 675 aliis
353 616 543 689 requirerent,
815 616 963 674 Liberavit
985 617 1037 673 hos
1059 616 1207 686 Dominus,

194 702 319 762 Abirent
341 701 410 760 inde
431 701 527 764 liberi.
814 702 905 761 Libro
927 702 963 759 de
987 702 1069 760 donis
1091 700 1235 759 scribitur.

516 805 544 864 7.
569 804 669 865 Gloria
690 804 754 878 tibi,
778 804 910 868 Domine.

214 922 289 972 Brov.
307 938 355 972 ms.
372 923 544 974 Gerundense
561 938 629 973 saec.
649 919 714 972 ¹⁴l1u.
734 922 797 974 Cod.
816 925 902 988 Capit.
921 923 1068 973 Gerundcn.
1087 919 1111 973 3.

399 1155 438 1213 41.
475 1157 505 1214 ln
524 1155 751 1215 sanctificatione
772 1156 962 1231 conceptionis
981 1158 1062 1213 mlv.

644 1295 688 1348 Ad
705 1294 821 1349 Laudes.

144 1438 173 1496 1.
198 1436 223 1495 0
245 1452 377 1510 maguum
400 1436 591 1513 privilegium,
762 1439 791 1497 4.
816 1437 899 1495 Hanc
921 1437 1058 1495 salutavit
1081 1436 1209 1506 Gabriel,

198 1521 280 1594 Quod
302 1538 447 1595 nunquam
470 1522 532 1595 quis
554 1522 679 1582 obtinuit
816 1523 884 1595 Ipsa
907 1522 1073 1595 respondit:
1098 1523 1224 1594 nuntiae,

199 1605 264 1664 Nisi
286 1607 384 1680 regina
406 1608 540 1681 omnium,
815 1609 932 1667 Ancilla
954 1625 1015 1665 sum
1038 1608 1187 1679 Emanuel,

201 1692 305 1760 Maria,
329 1708 402 1765 quoe
423 1693 460 1751 El
484 1695 588 1767 genuit.
817 1694 899 1764 Quod
923 1694 1004 1773 dicis,
1029 1693 1079 1752 fiat
1102 1694 1194 1754 citius.

145 1799 175 1856 2.
201 1794 306 1854 Adbuc
327 1794 357 1853 in
379 1796 480 1854 matris
502 1801 584 1855 utero
763 1802 792 1859 5.
818 1796 890 1854 lnde
913 1796 1044 1868 concepit
1066 1796 1196 1869 protinus

203 1879 388 1941 Sanctificate
409 1881 522 1953 plenius
815 1883 907 1941 Deum
930 1882 1013 1940 simul
1037 1888 1066 1938 et
1088 1882 1239 1952 hominem,

201 1966 270 2024 Fuit
291 1983 310 2024 a
331 1981 399 2039 rege
420 1981 535 2042 supero,
815 1967 870 2038 Qui
894 1968 1004 2025 cunctis
1028 1972 1122 2025 exstat
1144 1967 1282 2024 terminus

200 2052 268 2110 Plus
300 2068 383 2125 quam
404 2069 547 2125 nunquam
570 2053 609 2110 sit
629 2053 711 2112 alius.
815 2053 855 2110 Et
877 2053 973 2125 perire
996 2054 1056 2110 vult
1078 2052 1227 2112 neminem.

146 2159 176 2216 3.
203 2155 305 2215 carnis
328 2160 433 2213 extunc
454 2153 605 2214 infirmitas
764 2159 793 2216 6.
818 2154 919 2213 Gloria
942 2153 1005 2227 tibi,
1030 2154 1159 2230 Domine,

201 2240 302 2312 Neque
325 2239 414 2298 fomes
437 2240 611 2313 peccaminis
815 2240 869 2313 Qui
892 2240 1015 2298 Mariam
1037 2239 1198 2297 sanctificas

200 2326 296 2397 Ipsam
319 2341 371 2383 nec
393 2325 497 2384 mentia
519 2327 650 2399 pronitas
817 2326 855 2384 Et
877 2331 926 2383 tuo
949 2332 1048 2383 sancto
1071 2325 1184 2383 nomine

197 2410 297 2469 Luesit
318 2426 372 2469 nec
394 2411 463 2484 quid
487 2412 638 2484 cupidinis.
816 2412 918 2469 Totum
942 2413 1079 2469 mundum
1101 2409 1238 2471 vivificae.

214 2528 290 2577 Brev.
308 2544 356 2578 me.
374 2528 544 2579 Genuudenae
562 2544 630 2579 saec.
650 2526 716 2594 “pa
738 2529 800 2579 Cod.
820 2527 904 2593 Capit
924 2527 1071 2580 Gerunden.
1089 2526 1114 2579 3.

503 2763 548 2819 42.
584 2762 615 2821 ln
633 2761 867 2821 Praesentationc
890 2761 969 2818 llllV.

639 2900 682 2954 nd
700 2901 840 2970 Vesperaa.

145 3045 176 3103 1.
200 3044 274 3113 Ave,
297 3050 383 3114 porta
405 3043 486 3114 coeli,
766 3048 794 3103 5.
820 3043 908 3116 Virgo
931 3042 984 3100 Dei
1008 3047 1119 3114 gratum

201 3126 285 3185 Felix
309 3129 409 3186 domus
431 3128 496 3201 Dei,
818 3128 949 3186 Emisisti
972 3138 1078 3196 votum,

202 3213 300 3271 Mater
322 3213 376 3272 Dei
393 3213 478 3284 alma,
817 3214 888 3272 Cum
911 3229 988 3270 esses
1010 3211 1169 3284 intemplo

202 3297 292 3368 Audi,
316 3299 397 3372 virgo
419 3314 511 3358 soora.
818 3299 907 3372 Virgo
931 3298 1016 3370 digna
1039 3298 1107 3355 Deo.

148 3403 179 3461 2.
203 3399 325 3459 Sumens
349 3401 422 3460 illud
445 3409 541 3460 votum
764 3404 793 3462 6.
816 3401 948 3460 Monstra
968 3405 997 3456 te
1019 3415 1093 3457 nune
1114 3406 1243 3474 matrem,

204 3486 283 3545 Deua
305 3487 343 3544 de
365 3492 393 3544 te
415 3484 532 3563 fuctum,
818 3487 919 3545 Mittat
941 3501 994 3558 por
1016 3492 1044 3542 te
1066 3500 1166 3557 paoem

202 3571 244 3631 Ut
266 3587 343 3630 esses
364 3573 395 3631 io
417 3574 533 3647 templo,
817 3573 857 3630 Et
879 3573 1000 3630 salutem
1023 3577 1105 3629 natus

203 3657 246 3715 'le
268 3658 389 3716 contulit
410 3659 526 3719 mundo.
819 3658 898 3716 Tuus
920 3674 1005 3716 emec
1026 3673 1138 3728 passus.

150 3762 180 3820 3.
205 3758 335 3829 Solvens,
358 3760 435 3833 quod
459 3760 596 3834 debebas,
770 3762 798 3820 7.
821 3761 917 3819 Vitam
941 3760 1023 3818 trahe
1045 3776 1146 3830 puram

204 3845 355 3918 Templum
377 3846 531 3919 advenisti,
818 3847 866 3905 Ad
889 3854 917 3903 te
939 3846 1045 3903 scalam
1069 3851 1167 3908 tutam,

205 3931 330 3990 Teruulo
353 3932 420 3990 dum
443 3948 516 4007 eras,
820 3933 859 3992 Ut
883 3948 934 4004 per
957 3939 986 3987 te
1008 3936 1074 4002 post
1094 3945 1205 3986 cursum

206 4016 280 4074 Vota
301 4016 467 4077 reddidisti.
816 4018 1012 4076 Asccudamus
1036 4015 1153 4072 coelum.

152 4124 181 4182 t.
204 4118 389 4178 Monstrabas
410 4120 440 4177 in
462 4126 528 4179 actu
767 4123 796 4180 8.
821 4119 879 4180 Ubi
902 4134 1016 4190 semper
1038 4123 1130 4175 tecum

206 4204 342 4263 Mirabile
363 4202 480 4282 factum,
820 4205 886 4262 Tuti
908 4220 1072 4261 maneamus

207 4288 294 4348 Nullo
316 4290 390 4349 duee
411 4292 513 4364 quinos
821 4290 861 4346 Et
882 4290 1012 4347 videntes
1035 4291 1132 4349 lesum

209 4375 267 4434 Ter
287 4376 428 4435 scandisti
449 4377 563 4451 gradus.
823 4375 942 4447 Semper
961 4376 1143 4446 gaudeamus
