2918 4868
644 243 878 307 -112-

486 444 533 501 171.
569 445 608 501 lle
626 459 663 502 ss.
680 442 821 501 bnatorio
840 447 870 500 et
890 442 1043 501 tetolonis.

663 565 705 620 Ad
725 565 864 634 vesperas

180 694 208 752 1.
233 691 394 750 Laudemus
413 692 557 751 Christum
579 691 689 765 pariter
790 693 820 749 4.
847 693 916 751 Post
939 691 1030 749 minas
1052 698 1080 748 et
1102 691 1223 763 injurias

232 777 271 836 Et
293 777 450 850 psallamus
472 777 661 849 consumitur,
844 776 933 835 Sucro
952 777 1073 849 juvante
1095 774 1209 835 flamine

230 862 370 921 sistamus
393 863 455 935 ejus
477 862 610 921 laudibus
845 861 940 921 Stolos
963 862 1096 920 laverunt
1117 861 1251 934 proprias

228 948 314 1020 Aptia
337 948 464 1007 canendo
487 948 612 1007 vocibus.
843 948 876 1004 lo
897 947 964 1020 agni
986 947 1083 1005 mundi
1106 947 1252 1020 sauguine.

179 1053 208 1110 2.
230 1050 347 1109 Festum
368 1057 530 1109 sanctorum
552 1050 674 1108 militam
794 1053 823 1109 5.
847 1050 924 1120 Quos
944 1049 1051 1107 mundo
1066 1048 1147 1122 prius
1170 1049 1264 1107 edidit

231 1134 413 1195 Celebremus
436 1151 499 1194 enm
521 1136 634 1209 gaudio,
844 1133 923 1194 Urbs
946 1134 1080 1194 dedicata
1101 1133 1200 1208 lecim

230 1223 353 1292 Quorum
378 1221 438 1280 vita
459 1229 488 1279 et
510 1221 641 1279 meritum
844 1219 906 1278 Hos
928 1220 1008 1278 eoelo
1030 1217 1100 1278 felix
1122 1219 1254 1279 reddidit

230 1307 309 1365 Coeli
331 1307 511 1365 commendat
529 1306 635 1366 concio.
847 1305 1003 1378 Calagurra
1024 1305 1172 1378 martyrio.

178 1412 207 1470 3.
230 1409 328 1468 Armis
351 1408 510 1481 praecineti
533 1407 600 1467 fidei
794 1411 823 1469 6.
847 1407 962 1465 Summo
983 1406 1046 1466 Deo
1069 1407 1107 1466 sit
1128 1407 1221 1481 gloria

230 1495 418 1553 Certaverunt
442 1493 566 1551 viriliter
848 1494 904 1552 Pro
926 1499 1083 1566 martyrum
1108 1492 1238 1565 victoria,

229 1580 269 1639 Et
290 1584 454 1638 meruerunt
475 1579 594 1652 provebi
845 1577 905 1636 Nos
926 1578 1066 1651 perducat
1087 1576 1126 1639 ad
1148 1577 1254 1651 gaudia

229 1665 276 1724 Ad
300 1680 432 1723 eoronam
452 1662 585 1728 feliciter.
846 1663 979 1722 Pelorum
1005 1664 1073 1723 data
1096 1663 1186 1722 venia.

244 1782 321 1832 Brev.
344 1799 391 1832 ms.
415 1784 562 1832 oxomense
586 1799 655 1833 saec.
682 1779 719 1832 15.
748 1781 811 1832 eod.
830 1781 916 1847 Capit.
934 1781 1061 1832 Ozomen.
1089 1797 1110 1830 a.
1133 1797 1159 1831 n.
1177 1772 1209 1830 Α.
1227 1809 1262 1817 -
1280 1783 1356 1832 Brev.

175 1868 222 1900 ms.
233 1851 462 1915 Calagurritanum
475 1866 541 1900 suso.
557 1847 596 1900 15.
609 1850 670 1901 Cod.
682 1850 868 1901 Salmantiean.
884 1848 940 1900 186.
950 1851 980 1899 B.
993 1878 1027 1885 —
1041 1850 1116 1901 Brev.
1126 1848 1357 1915 Calagurritanum

177 1926 203 1969 et
221 1919 384 1970 Caluiatense
405 1921 467 1985 imp.
486 1920 612 1969 Luoronii
633 1916 706 1970 1543.
725 1918 753 1968 (l.
1328 1968 1330 1970 .

482 2134 536 2191 tta.
572 2131 611 2191 lle
629 2149 666 2190 ss.
684 2133 826 2192 Emeterio
844 2139 873 2192 et
894 2133 1049 2192 celedonio.

647 2255 691 2309 Ad
708 2255 880 2311 Nocturnum.

181 2381 208 2441 1.
231 2382 313 2440 Haec
334 2381 425 2439 nostri
449 2381 528 2439 chori
551 2382 649 2440 ounolo
792 2384 821 2441 4.
846 2382 927 2442 Unus
949 2380 1072 2453 projecit
1095 2381 1240 2458 annulum,

230 2466 368 2525 Laetetur
389 2467 419 2524 in
442 2466 580 2542 martyrio
844 2466 929 2525 Alter
950 2465 1029 2523 misit
1050 2466 1174 2525 orarium

231 2551 401 2610 Sanctorum
424 2552 531 2613 Christi
554 2552 675 2609 militnm
843 2553 980 2624 duraque
1001 2548 1097 2609 terens
1119 2566 1259 2624 prospera

232 2637 377 2695 Honorem
400 2637 525 2696 reddens
548 2637 684 2696 debitum.
845 2638 991 2697 Summum
1014 2636 1092 2695 vexit
1112 2637 1150 2695 ad
1173 2636 1301 2696 aethera.

176 2743 206 2804 2.
229 2741 286 2800 Hie
308 2754 430 2812 namque
452 2738 610 2798 beatissimi
791 2744 819 2799 5.
843 2739 962 2810 Horum,
987 2738 1110 2812 Christe,
1134 2755 1187 2812 per
1209 2738 1312 2796 merita

232 2825 328 2885 Minas
351 2826 431 2885 duois
454 2824 619 2897 nequissimi
844 2824 965 2883 Dimitte
985 2824 1069 2883 nobis
1093 2824 1191 2883 debita

228 2911 404 2984 spernentes
426 2926 489 2968 cum
512 2909 623 2969 laetitia
843 2907 1005 2983 conferque
1029 2910 1112 2968 nobis
1134 2909 1238 2984 gandia

228 2992 394 3055 Trabantur
415 2995 453 3054 ad
474 2995 627 3070 supplicia.
844 2994 977 3054 Paradisi
999 2995 1146 3068 perennia.

176 3104 204 3161 3.
228 3099 399 3170 Contempto
421 3097 519 3155 muudi
542 3098 673 3170 eulmine,
790 3103 818 3160 6.
842 3099 931 3156 'irino
954 3099 992 3155 sit
1014 3098 1074 3170 regi
1096 3098 1188 3172 gloria

229 3186 285 3244 Pro
308 3183 423 3246 Cbm'sto
446 3181 509 3241 tuso
530 3184 667 3258 sanguino
843 3184 899 3242 Pro
921 3190 1078 3257 martyrum
1103 3183 1232 3259 viatorio,

230 3269 396 3329 Gaudentes
423 3286 485 3326 enm
508 3269 629 3328 victoria
844 3268 898 3339 Qui
920 3274 987 3341 post
1009 3269 1105 3328 earnis
1128 3268 1230 3327 exsilia

228 3355 328 3427 Regna
347 3359 449 3426 petunt
467 3354 612 3414 eoelestia.
843 3355 934 3412 Beata
957 3352 1067 3412 eoniert
1090 3353 1227 3427 praemio.

244 3473 319 3522 Brev.
345 3488 393 3522 ms.
414 3472 642 3536 Calagurritannm
661 3488 728 3522 saue
751 3468 789 3521 15.
812 3471 874 3523 Cod.
893 3472 1080 3523 Salmantiean.
1101 3469 1158 3522 186.
1176 3472 1206 3521 Α.
1226 3498 1258 3506 -
1278 3472 1355 3521 Brev.

175 3557 224 3590 ms.
235 3542 382 3592 Oromense
400 3556 468 3591 eaeo.
491 3537 528 3589 15.
542 3540 701 3605 concapit.
713 3544 838 3590 oxomen.
859 3557 879 3590 s.
897 3556 922 3590 n.
939 3542 969 3590 B.
987 3567 1021 3576 -
1035 3543 1111 3590 brev.
1125 3540 1356 3606 Calagurritauum

177 3613 203 3659 et
221 3608 387 3660 t‘alciatense
405 3611 468 3674 imp.
487 3610 611 3659 Luerouii
633 3605 704 3659 1548.
723 3609 752 3658 C.

485 3824 539 3882 173.
570 3826 608 3883 lle
630 3841 665 3883 aa.
683 3824 825 3883 Emeterio
844 3828 874 3882 et
889 3823 1043 3883 caledonio.

679 3946 721 4001 Ad
739 3947 853 4001 Laudes.

181 4075 206 4131 1.
232 4071 396 4145 Calagurris,
419 4071 592 4145 martyribus
790 4075 819 4133 2.
841 4071 923 4131 Unus
946 4076 989 4127 est
1011 4070 1172 4128 Emeterius

230 4158 334 4229 Fulges
356 4174 426 4230 prae
449 4158 557 4215 cunctis
578 4157 697 4216 urbibus
842 4156 881 4214 Et
903 4156 976 4213 alter
999 4155 1179 4231 Caledonius,

232 4241 359 4314 Duobus,
384 4243 586 4301 exsistentibus
843 4241 896 4312 Qui
919 4246 1039 4298 mortem
1062 4247 1091 4298 et
1113 4240 1252 4315 martyria

232 4327 376 4387 Militibus
399 4335 428 4389 et
451 4327 598 4392 iratribus.
846 4326 927 4387 Pessi
950 4333 1016 4386 sunt
1038 4325 1217 4400 multiplicia.
