2918 4868
646 242 852 305 ..72-

175 421 203 479 5.
228 416 334 488 Novas,
357 434 374 476 o
396 417 472 476 sacri
494 417 607 491 gemini,

268 504 382 561 Laudes
404 504 525 563 libamus
547 503 636 575 vobis,

226 588 283 647 Vos
305 590 334 646 in
358 596 512 662 conspectu
534 589 648 647 Domini

267 676 454 749 Interpellate
471 692 525 748 pro
545 674 636 734 uobis.

333 826 374 877 ad
391 828 553 893 Magnificam.

159 932 196 998 A,
221 930 342 989 Sublimi
365 931 482 991 laudum
505 932 626 991 coelicos

268 1016 345 1075 Voce
366 1018 480 1090 pulsata
503 1018 615 1092 choros,

225 1100 331 1160 Cautus
355 1103 432 1161 velut
453 1103 596 1176 angelicos

265 1187 417 1260 Erumpite
438 1204 556 1246 sonoros

222 1272 257 1331 Ia
280 1279 446 1349 martyrum,
471 1273 668 1346 Christicolae,

265 1358 352 1416 Festo
374 1358 571 1432 solemnitatis,

220 1445 253 1503 In
276 1461 331 1515 quo
353 1445 478 1517 gaudent
500 1445 653 1503 coelicolae

266 1528 402 1587 Gemellis
424 1530 468 1588 bis
490 1529 592 1590 beatis.

280 1724 335 1784 Ad
357 1726 599 1791 matutinum.

341 1844 535 1895 Invitatorium.

223 1948 392 2006 Sanctorum
413 1965 508 2023 regem
531 1959 697 2026 martyrum,

263 2034 373 2111 Venite,
397 2033 559 2110 adoremus,

221 2118 371 2179 Plorantes
387 2127 454 2178 ante
474 2122 626 2181 Dominum

261 2205 376 2263 luternc
399 2206 562 2278 jubilemus.

271 2420 313 2479 Iu
339 2421 366 2482 1.
390 2422 594 2485 Nocturuo.

346 2539 522 2605 Antiphonao.

165 2641 192 2702 1.
216 2641 305 2700 Secus
326 2659 463 2716 aquarum
486 2647 593 2709 rivulos

256 2726 319 2786 Stat
342 2728 426 2787 vinea
444 2731 597 2809 justorum,

217 2813 382 2872 Producens
404 2813 514 2874 fructus
534 2821 628 2878 varios

258 2899 328 2957 Post
349 2899 525 2960 incrementa
546 2900 656 2968 florum.

163 3000 192 3057 2.
216 2998 383 3059 Sauctomm
407 3002 454 3061 ria
476 3011 621 3065 recteest

258 3085 297 3144 Et
315 3086 372 3145 iter
393 3098 604 3166 praeparatum,

215 3171 290 3250 Quos
311 3172 359 3230 via
382 3173 543 3235 divinorum

214 3255 348 3317 Delectat
368 3260 576 3327 mandatorum.

162 3361 190 3418 3.
213 3357 272 3417 Sub
294 3360 384 3434 Lysia
405 3368 576 3436 proconsule

216 3443 297 3503 Pessi
319 3463 372 3519 pro
397 3448 503 3509 Christi
525 3452 639 3513 nomine

257 3530 412 3592 Tormenta
433 3538 624 3613 pertulerunt,

211 3613 283 3673 Suas
305 3617 334 3675 iu
355 3620 421 3692 egui
443 3624 579 3696 sauguine

212 3700 299 3774 Digni
321 3703 410 3762 stolas
433 3705 582 3782 iutingcre,

255 3786 381 3847 Coronas
402 3799 574 3855 meruerunt.

338 3925 524 3990 ltespousoria

157 4025 184 4083 1.
209 4025 307 4084 Sancti
330 4028 371 4085 tui
393 4035 432 4104 tc,
455 4031 584 4107 Domine,

211 4111 308 4170 Secuti
330 4120 396 4171 suut
417 4115 520 4176 itinere

211 4196 332 4256 Prorsus
353 4200 381 4257 in
404 4201 578 4282 admirabili,

210 4280 284 4339 Dnm
307 4284 382 4342 irent
403 4285 459 4345 fine
481 4290 587 4366 stabili,

253 4367 293 4427 Ut
314 4371 386 4429 mari
408 4383 621 4450 mergerentur3

838 417 873 475 Iu
894 417 978 476 undis
999 423 1094 475 meant
1116 416 1249 491 pedibus,
1315 453 1329 484 ,-

837 502 878 561 Ut
897 503 991 562 nautis
1012 504 1254 577 mergesceutibus

881 587 1051 647 Succursum
1073 590 1257 664 largirentur.

775 672 810 734 ll.
836 673 911 731 Nam
932 674 962 731 in
985 674 1038 733 riis
1060 674 1171 734 deificis

882 759 951 819 Plus
973 760 1078 833 gemini
1101 760 1178 820 beati

839 845 929 915 Quam
950 845 979 903 iu
1002 846 1101 904 muudi
1124 847 1234 906 divitiis

880 931 1010 990 Fuerunt
1033 931 1178 995 delectati.

787 1085 817 1144 2.
841 1082 1009 1143 Sanctorum
1033 1086 1192 1146 saecularia

839 1168 928 1228 Fides
951 1169 1020 1227 vicit
1044 1171 1174 1244 imperia,

839 1256 923 1328 Nam,
949 1256 1016 1313 dum
1039 1262 1180 1317 tormenta
1202 1255 1290 1318 fortia

841 1339 1013 1414 Contempto
1036 1339 1132 1401 ierunt
1155 1345 1252 1417 Lysia,

882 1426 1048 1499 Deposcuut
1069 1426 1205 1502 fortiora,

774 1510 808 1574 V.
835 1511 859 1570 0
882 1513 974 1571 virtus
997 1511 1054 1571 fide
1076 1512 1197 1589 fulgida,

837 1597 916 1668 Quae
938 1614 1057 1671 superas
1080 1600 1231 1673 supplicia,

879 1682 967 1741 Adsis
988 1684 1017 1742 iu
1040 1685 1140 1742 mortis
1157 1685 1233 1745 hora

780 1839 808 1896 3.
833 1835 954 1894 Stabant
975 1838 1133 1910 gaudenter

877 1921 906 1979 hi
926 1923 1033 1994 judicis
1055 1931 1122 1982 autc
1144 1926 1279 2006 tribunal,

837 2006 992 2066 Uuouimes
1014 2016 1126 2068 mentes

876 2099 905 2150 et
934 2110 1059 2152 consona
1081 2096 1170 2175 verba
1191 2105 1332 2178 gerentes,

834 2177 883 2236 Nil
906 2185 1032 2238 metuere
1054 2181 1155 2257 minas,

875 2264 924 2336 qni
947 2266 1043 2324 volunt
1067 2267 1182 2327 vincere
1203 2285 1320 2344 poenos,

833 2350 991 2409 Immundis
1012 2353 1151 2412 mundant

873 2451 891 2493 a
912 2435 1061 2508 spiritibus
1083 2438 1238 2503 inimicum.

768 2518 801 2576 V.
830 2520 860 2581 Si
883 2537 976 2593 poena
997 2522 1100 2596 Lysias

876 2611 992 2679 ereptus
1015 2609 1138 2668 reddero
1159 2627 1275 2683 poenas,

831 2691 855 2750 0
877 2692 963 2768 sacri,
984 2693 1066 2752 robis

873 2777 992 2851 studuit,
1015 2780 1173 2840 succurrite
1195 2783 1286 2844 uobis.

887 3000 927 3058 lu
950 3003 979 3060 2.
1002 3000 1211 3070 Nocturuo.

956 3119 1131 3186 antiphonae.

773 3220 802 3282 1.
825 3219 923 3280 Sancti
945 3240 999 3296 pro
1022 3225 1137 3285 Christo
1158 3229 1300 3304 languidis

870 3308 1059 3384 Aegrotisque
1081 3313 1228 3373 medentes

828 3391 966 3451 Ambiunt
987 3396 1017 3453 in
1039 3399 1195 3470 provinciis

870 3478 919 3537 Nil
941 3481 1028 3553 pretii
1050 3491 1202 3545 sumentes.

772 3634 800 3691 2.
825 3630 884 3690 Sed
905 3633 1061 3695 Damianos
1083 3638 1232 3711 adjuratus

871 3719 1069 3780 Munusculum
1094 3724 1160 3783 dum
1183 3728 1295 3800 recipit,

824 3802 874 3860 Fit
895 3805 1013 3865 Cosmus
1034 3809 1118 3867 valde
1141 3813 1326 3873 contristatus

869 3890 1001 3963 llludque
1024 3895 1108 3954 reddi
1130 3898 1282 3978 praecipit,

830 3974 937 4033 Vetaus
957 3977 1104 4040 amborum
1125 3979 1218 4042 funeri

871 4060 915 4118 Ne
934 4059 1011 4121 foret
1032 4081 1103 4124 unus
1126 4070 1260 4134 tumulus.

767 4216 795 4276 3.
819 4212 913 4271 Stolas
936 4232 1001 4275 suas
1023 4218 1053 4277 iu
1075 4220 1171 4280 rubeis

866 4298 988 4360 Temere
1010 4306 1200 4368 torcularibus

903 4385 942 4444 lli
965 4395 1106 4464 martyres
1128 4397 1244 4478 sacrati,
