2918 4868
648 280 862 343 ..48-

576 458 604 516 9.
629 453 673 512 Sit
694 454 756 512 lans
778 454 840 513 Deo
863 454 912 512 uni

628 539 726 612 Trino‚
748 540 810 599 Deo
832 540 910 613 petri

627 626 832 699 Pnenmatique
853 630 952 684 sancto

628 710 732 769 Tn'bns
755 711 846 769 honor
867 727 949 769 unus.

236 830 311 879 Brev.
336 830 506 879 Valentinum
534 831 596 893 imp.
623 829 736 894 Neapoli
764 824 837 878 1489.
865 828 895 876 Α.
924 856 956 863 -
980 828 1055 876 Brev.
1080 827 1253 877 Valentinum
1281 829 1345 893 imp.

166 897 305 947 Valentiae
326 895 399 948 1533.
417 898 447 947 B.
466 926 498 934 —
517 895 541 959 3,
560 894 576 948 3
594 898 709 949 Pernula
726 896 757 946 A.
777 922 808 931 -
827 893 851 959 5,
870 894 887 946 4
904 897 987 962 Virga
998 897 1030 946 A.
1044 924 1079 933 -
1096 893 1120 957 9,
1138 891 1345 961 3Neumatique

166 966 197 1015 A.
217 963 590 1026 -9,4'1'rinushonorA.

548 1181 593 1238 43.
614 1182 665 1238 'ln
684 1179 855 1240 Visitatione
874 1181 958 1239 llllV.

654 1320 698 1374 Ad
715 1319 856 1389 Vesperas.

169 1462 197 1521 1.
223 1460 445 1520 Praecedentem
468 1476 519 1518 nos
540 1461 570 1519 in
593 1461 640 1521 via
784 1466 812 1523 5.
837 1462 880 1520 To
902 1460 1070 1534 praecedas,
1092 1476 1145 1518 nos
1167 1475 1329 1534 sequemur,

223 1546 331 1604 Christi
353 1552 474 1603 matrem
495 1546 641 1618 adeamus,
837 1547 963 1606 Visitare
985 1546 1172 1617 servitricem,

222 1632 261 1688 Et
283 1638 315 1688 nt
336 1630 419 1692 nobis
443 1631 501 1689 dux
524 1632 561 1689 sit
583 1633 641 1708 pia,
837 1633 907 1690 Cum
930 1648 986 1705 qoe
1006 1631 1104 1690 Jesum
1127 1629 1277 1701 lateamus,

221 1717 306 1774 Dulci
327 1717 413 1775 leude
436 1716 627 1777 concinamus.
836 1719 913 1789 Quae
936 1723 964 1774 te
986 1717 1065 1775 novit
1087 1716 1263 1790 genitricem.

169 1839 197 1895 2.
222 1835 334 1911 Gaude,
358 1836 413 1908 via,
437 1853 509 1909 qnae
532 1835 611 1894 luisti
784 1841 812 1898 6.
834 1838 959 1897 Matrem
980 1852 1076 1895 veram
1099 1836 1191 1909 petris
1213 1835 1255 1893 tui

221 1922 369 1993 Reparare
389 1922 451 1979 sola
473 1922 559 1995 digna
836 1925 878 1982 Te
901 1923 1060 1994 proclamet
1081 1920 1245 1992 infecunda,

220 2007 360 2066 Mundum
383 2008 494 2079 lapsum
517 2014 546 2064 et
569 2007 674 2066 dedisti
837 2008 926 2066 Laeta
947 2008 1044 2081 proles
1067 2007 1175 2065 ventris
1197 2006 1240 2064 sui

223 2092 320 2150 Vitam
343 2092 442 2170 lapsis,
466 2099 497 2150 to
519 2093 651 2166 benigna.
836 2093 911 2151 Alco
934 2093 1040 2166 gaudet
1061 2091 1250 2166 perjucunda.

170 2213 198 2271 8.
222 2214 321 2273 Jesum
346 2212 491 2271 Christum
512 2213 701 2271 condonatum
785 2216 812 2273 7.
836 2214 877 2272 Te
900 2228 1060 2285 precemur,
1084 2228 1156 2285 qnae
1179 2212 1315 2270 conducis

222 2298 278 2357 Per
300 2304 329 2355 te
351 2298 433 2355 nobis
455 2305 487 2356 ut
512 2299 643 2371 sciamus,
836 2298 944 2370 lesum,
968 2303 1056 2356 testes
1077 2305 1109 2356 ot
1132 2313 1283 2356 cernamus

222 2384 270 2455 Et,
293 2388 325 2441 ot
347 2384 452 2442 scimus
474 2384 556 2442 nobis
580 2386 687 2456 datum,
836 2386 945 2443 Lumen
969 2399 1066 2442 verum
1090 2398 1176 2441 verae
1198 2383 1280 2460 lucis,

224 2468 315 2526 Nobis
338 2470 416 2543 pium
438 2470 595 2530 videamus.
836 2469 942 2528 Tecum
964 2484 1078 2542 semper
1099 2469 1297 2541 procedamus.

173 2591 202 2647 4.
227 2587 346 2647 Stellam
368 2589 456 2646 maris
479 2596 507 2645 te
529 2588 651 2647 Mariam
786 2592 814 2649 8.
836 2588 890 2661 Qui
912 2593 942 2645 te
964 2604 1060 2646 veram
1083 2586 1252 2645 confitemur

223 2672 319 2732 Solam
339 2674 469 2731 novimus
493 2673 658 2745 ductricem,
838 2674 962 2732 Matrem
985 2673 1179 2748 virginemque
1201 2689 1312 2746 puram,

225 2759 295 2829 Fae,
318 2764 350 2815 nt
372 2775 423 2815 nos
445 2774 498 2830 per
520 2760 594 2817 hanc
616 2760 691 2817 viam
839 2759 885 2816 Da
906 2765 934 2816 te
956 2759 1091 2818 visitante
1114 2759 1223 2830 demur,

225 2845 266 2903 Te
286 2858 438 2916 sequamur
460 2845 616 2907 matricem.
842 2844 933 2902 Vitem
957 2845 1091 2917 consequi
1114 2841 1249 2907 futuram,

528 2967 555 3024 9.
578 2964 659 3023 Patri
683 2964 769 3022 decus
791 2964 829 3021 sit
851 2971 978 3036 aeterno,

580 3049 680 3107 Houor
701 3055 777 3120 nato,
802 3065 883 3122 qoem
906 3049 1062 3121 sumpsisti,

583 3133 707 3193 Flamini
729 3136 792 3192 laus
815 3141 975 3205 coaeterno,

581 3220 624 3278 De
647 3237 702 3294 quo
724 3221 815 3278 Deum
838 3221 1004 3292 concepisti.

240 3340 314 3388 Brev.
340 3354 387 3386 ms.
407 3339 568 3388 Dertusense
592 3353 660 3386 saec.
688 3334 726 3386 15.
746 3337 809 3386 Cod.
827 3336 912 3402 Capit.
931 3338 1069 3387 Dertusen.
1088 3354 1109 3386 s.
1127 3354 1153 3386 n.
1172 3337 1202 3386 Α.
1220 3362 1254 3371 -
1273 3338 1349 3387 Brev.

170 3421 218 3456 ms.
236 3407 396 3456 Dertusense
420 3422 488 3456 eaeo.
510 3403 548 3455 15.
568 3406 631 3456 Cod.
651 3406 736 3470 Capit.
755 3407 893 3455 Dertusen.
912 3422 932 3454 s.
951 3422 977 3454 n.
995 3407 1024 3454 B.
1043 3434 1078 3442 —
1095 3403 1124 3467 2,
1150 3404 1162 3455 l
1182 3406 1273 3456 Pande
1290 3407 1348 3464 AB,

171 3476 242 3523 vium
262 3476 291 3524 B.
312 3502 340 3508 —
362 3473 394 3536 4,
417 3471 433 3523 2
452 3491 478 3525 u.
496 3476 513 3524 f.
532 3474 597 3524 lehlt
610 3473 638 3536 je
657 3477 716 3524 eine
734 3473 821 3536 silbe;
845 3474 894 3523 lies
913 3476 991 3523 istam
1009 3476 1097 3524 viam?
1120 3476 1291 3524 amatricem?
1316 3499 1350 3509 -

173 3540 197 3601 6,
216 3541 234 3593 4
251 3559 297 3608 pro
312 3543 430 3608 jucunda
442 3545 495 3593 AB.
516 3570 547 3578 -
567 3541 590 3604 7,
609 3540 626 3592 2
645 3543 798 3608 pestesAB.
818 3567 849 3577 —
868 3541 892 3603 8,
911 3539 928 3593 3
946 3544 1097 3593 visitantem
1111 3541 1142 3591 A.
1161 3568 1193 3578 -
1211 3539 1235 3605 8,
1254 3539 1272 3593 4
1289 3559 1350 3593 eon·

170 3614 244 3677 sequi
263 3627 382 3663 securem
400 3613 429 3661 B.

555 3829 601 3885 44.
636 3829 675 3886 lle
694 3826 864 3885 visitatione
882 3828 961 3885 BllV.

644 3968 687 4021 Ad
706 3968 876 4022 Nocturnum.

174 4112 200 4170 1.
224 4111 282 4169 Diu
303 4110 410 4168 mundo
433 4117 628 4182 exspectatum
789 4112 816 4168 2.
841 4109 935 4181 Digne
957 4126 974 4167 o
996 4114 1088 4166 mater
1109 4110 1256 4181 creatoris,

223 4196 396 4266 Exhibnisti‚
421 4196 545 4268 domine,
841 4195 973 4253 Electum
993 4199 1112 4252 matrem
1135 4195 1256 4270 legeras,

227 4282 259 4338 ln
283 4282 371 4354 signis
394 4288 425 4338 tn
445 4280 596 4353 figuratum
842 4280 898 4339 Sed
921 4297 993 4353 quae
1014 4278 1089 4338 foret
1109 4281 1152 4337 sic
1174 4280 1300 4352 honoris,

225 4367 302 4428 Vera
323 4373 483 4426 monstrans
506 4383 559 4442 per
581 4368 695 4429 lumina.
845 4366 930 4438 Vere,
955 4365 1044 4439 virgo,
1068 4381 1124 4424 non
1148 4381 1279 4426 noveras.
