2918 4868
513 1305 541 1372 1.,
563 1307 684 1376 Hymnus
702 1303 794 1363 carmi
811 1303 918 1375 iacobi,

193 1435 211 1477 a
237 1418 369 1476 domno
391 1416 596 1488 Fulberto,
619 1415 850 1475 Garnotcnsi
872 1414 1075 1488 episcopo,
1099 1413 1239 1474 editus.

469 1547 474 1577 ¹
576 1563 620 1618 Ad
638 1562 718 1632 Vesp.
740 1570 768 1617 et
784 1562 863 1618 Nost.

131 1710 159 1770 1.
182 1707 294 1767 Psallst
315 1706 418 1766 choms
441 1705 615 1779 coelestium,
746 1709 775 1766 4.
798 1704 847 1764 Ad
869 1704 1006 1778 tempium
1029 1704 1109 1777 cujus
1124 1703 1307 1777 splendidum

183 1794 320 1852 Laetetur
342 1791 424 1866 plebs
446 1790 583 1863 fidelium,
799 1791 971 1850 Cunctorum
993 1790 1080 1849 cosmi
1103 1789 1247 1848 climatum

182 1879 267 1938 Nunc
289 1882 403 1936 resonet
424 1883 593 1952 perpetuam
796 1876 957 1936 Occurrunt
976 1892 1074 1935 omnes
1095 1875 1194 1949 populi

183 1964 387 2037 Apostolorum
409 1963 539 2038 gloriam.
798 1961 957 2022 Narrantes
978 1960 1092 2020 laudem
1115 1961 1241 2023 Domini.

131 2072 159 2128 2.
183 2069 359 2139 inquorum
383 2066 470 2125 choro
491 2065 616 2126 Jacobns
746 2068 775 2126 5.
798 2064 927 2140 Armeni,
951 2063 1063 2140 Graeci,
1086 2064 1184 2141 Apuli,

184 2151 296 2211 Primus
319 2148 411 2226 fulget
432 2152 589 2225 apostolus,
800 2149 896 2224 Angli,
919 2149 1006 2221 Galli,
1029 2149 1112 2221 Daci,
1135 2149 1222 2223 Frisi,

184 2237 258 2296 Nam
280 2252 333 2311 per
354 2237 479 2296 Herodis
501 2236 628 2311 gladium
799 2236 925 2295 Cunctae
938 2241 1046 2308 pentes,
1070 2235 1192 2310 linguae,
1215 2232 1308 2294 tribus

186 2322 312 2381 Primum
333 2323 455 2396 sumpsit
476 2322 536 2395 poli
551 2322 693 2383 thmnum.
798 2322 874 2381 llluc
894 2328 1018 2395 pergunt
1039 2320 1211 2381 munoribus.

132 2429 161 2487 3.
184 2425 242 2485 Hic
263 2425 405 2485 Zebedaei
427 2424 553 2486 Jaoobus
746 2424 775 2484 6.
799 2423 884 2484 Zelus
907 2424 998 2498 patris
1021 2429 1051 2482 et
1070 2422 1123 2482 lilii

184 2512 281 2583 Major
303 2516 421 2569 vocatur
442 2515 472 2568 et
493 2507 610 2585 probos,
798 2509 837 2569 Et
859 2509 979 2583 spiritus
999 2509 1133 2582 paracliti

185 2596 239 2668 Qui
259 2594 329 2654 lacit
350 2597 380 2654 in
403 2595 551 2657 Gallaecia
799 2595 907 2654 Nostra
928 2592 1086 2668 perfundat
1106 2595 1218 2654 viscera

184 2681 390 2741 Miraculomm
413 2681 501 2741 milis.
800 2681 856 2740 Per
876 2679 978 2742 iacobi
999 2679 1144 2756 suffragia.

201 2800 259 2852 CM.
283 2828 317 2837 -
340 2797 364 2863 6,
393 2797 487 2851 lfiliis
505 2801 541 2850 li
566 2825 597 2835 -
620 2797 644 2859 6,
665 2795 682 2850 3
706 2799 845 2864 perfumdut
863 2800 891 2849 in
909 2805 949 2849 sla
966 2800 1003 2848 Μ.
1022 2827 1057 2836 -
1074 2800 1169 2850 Dioscr
1188 2800 1309 2864 Hymnus

131 2869 184 2920 rand
210 2868 257 2919 dor
279 2868 401 2934 fulgendo
424 2869 540 2933 gehorsn
566 2885 598 2918 nu
622 2869 708 2919 ninom
733 2869 761 2916 in
784 2867 868 2919 Prosa
889 2867 1094 2933 geschriebcncu
1117 2866 1239 2921 Officium
1263 2868 1309 2919 des

131 2939 265 3001 Heiligcn,
282 2937 330 2986 das
349 2939 376 2987 iu
394 2938 489 2988 beiden
502 2937 612 2988 Codices
632 2936 676 2987 die
688 2935 833 2987 Auischriit
844 2938 925 3003 trigt:
948 2937 1047 3002 Incipit
1058 2935 1173 2987 officium
1185 2936 1309 2987 festivum

134 3006 341 3066 neocosmum,
360 3021 376 3055 a
394 3006 471 3056 beato
491 3005 594 3056 Culixto
612 3020 683 3071 psps
699 3003 865 3070 dispositum.

508 3223 534 3282 2
560 3222 682 3295 llynum
699 3222 792 3281 sancti
810 3221 916 3291 iacobi,

202 3349 221 3390 a
246 3331 377 3391 domno
399 3331 602 3404 norberto,
626 3332 860 3392 carnotensi
882 3331 1083 3407 episcopo,
1107 3331 1245 3392 editus.

632 3480 676 3536 Ad
693 3479 808 3536 Lsudes

134 3626 161 3685 1.
185 3621 370 3683 Sanctissimc
387 3639 405 3681 o
424 3620 541 3700 Jacobs,
748 3626 778 3688 2.
801 3623 855 3695 Qui
876 3623 1079 3697 supplantator
1100 3621 1213 3699 diceris,

185 3706 296 3768 Frater
311 3708 360 3782 qni
382 3724 413 3766 es
434 3707 464 3765 in
486 3724 590 3782 genere
801 3709 963 3783 supplanta
983 3724 1035 3768 nos
1057 3725 1075 3767 a
1096 3705 1183 3784 vitiis,

184 3794 324 3856 iohannis
346 3792 547 3870 evangelistae,
802 3796 844 3857 Ut
865 3794 922 3853 tuis
943 3793 1034 3853 sacris
1055 3791 1189 3867 precibus

186 3880 243 3940 Pro
265 3877 348 3939 uobis
369 3897 421 3939 oro
441 3880 550 3944 sedule.
800 3879 958 3954 iungamur
978 3879 1037 3953 poli
1059 3878 1178 3941 civibus.

493 4001 522 4060 3.
545 3999 630 4059 Zelus
652 4000 744 4072 patris
766 4004 796 4057 et
817 3997 871 4057 filii

542 4084 582 4144 Et
602 4082 722 4158 spiritns
744 4083 877 4157 paracliti

544 4170 652 4229 Nostra
673 4166 829 4243 perfundat
851 4169 962 4228 viscora

542 4257 599 4317 Per
619 4254 722 4316 Jacobi
743 4253 887 4327 suffragia

206 4373 262 4423 CM.
283 4402 313 4409 -
334 4373 489 4440 Vcrgleiche
506 4374 554 4424 das
570 4389 627 4424 zum
648 4371 879 4440 vorhsrgehcnden
902 4372 1021 4436 Hymnus
1039 4369 1181 4423 bomerlrte
