2918 4868
657 264 888 329 -168-

427 441 456 502 4.
481 439 597 511 Accipit
618 439 695 498 vitae
717 439 839 513 spolium
863 440 986 499 caducae

480 524 568 583 Dirus
590 525 722 584 Herodes
745 523 849 583 sedens
872 527 974 598 securi,

480 610 555 668 Dum
577 616 661 684 putat
682 626 769 670 saeva
790 611 904 684 populis
927 612 1043 685 placere

521 695 616 755 Caede
638 703 785 769 tyrannus.

427 821 455 877 5.
479 814 590 873 Nomen
612 815 679 873 binc
701 815 794 874 cuncti
818 816 964 875 eelebrent
987 832 1112 890 perenne

478 900 572 959 Patris
595 916 629 959 ae
652 900 721 976 nati,
745 900 893 959 celebrent
914 907 944 959 et
965 904 1033 961 almi

477 984 611 1062 Spiritus,
634 1003 720 1044 uuum
741 986 843 1060 quibus
865 994 908 1044 est
930 1004 1074 1056 cacumen,

521 1072 586 1131 Una
606 1077 743 1144 potestas.

249 1191 325 1239 Brev.
350 1190 591 1255 compostellanum
615 1191 678 1238 im.
701 1189 858 1255 Ulisiponae
884 1187 958 1240 1497.
983 1191 1014 1239 Α.
1033 1218 1062 1225 -
1084 1192 1160 1240 Brev.
1179 1192 1205 1240 S.
1224 1190 1360 1239 Benedicti

180 1259 356 1310 Valiaoletani
376 1260 439 1323 imp.
457 1258 597 1308 Vaiisoleti
618 1207 692 1309 1538.
711 1260 740 1308 B.

577 1460 637 1516 288.
673 1457 958 1516 pernoctatione.

678 1579 721 1633 Ad
739 1579 854 1633 Laudes.

429 1707 457 1765 1.
481 1705 558 1763 Luce
581 1705 724 1778 privatum
747 1706 907 1777 vegetando
929 1721 1033 1776 corpus

478 1791 584 1848 Fertur
605 1808 622 1848 a
645 1792 719 1849 caris
740 1790 825 1848 sociis
847 1807 900 1863 per
919 1807 1034 1863 aequor,

480 1877 544 1935 Non
567 1876 741 1950 gubernaclo
764 1877 931 1936 moderante
953 1892 1052 1933 cursus

521 1964 593 2020 Arte
616 1978 668 2020 nee
690 1961 758 2024 ulla.

428 2084 456 2141 2.
480 2080 537 2140 Sed
560 2081 615 2139 Dei
637 2088 707 2139 nutu
728 2081 799 2139 ratis
822 2097 856 2139 eu
881 2082 969 2154 Ioppe

482 2166 620 2226 Prodiens
642 2167 731 2224 solem
751 2167 834 2239 petiit
856 2167 1004 2224 cadentem

481 2253 577 2325 Atque
599 2251 743 2310 Gallaecis
766 2252 883 2326 pelagus
906 2253 1079 2325 peringens

522 2338 645 2410 Appulit
667 2337 733 2398 oris.

430 2460 458 2516 3.
483 2458 556 2527 Quid
580 2454 679 2528 feram,
703 2456 817 2529 quantis
840 2456 959 2514 rutilare
981 2456 1068 2529 signis

483 2542 594 2619 Coepit,
616 2549 649 2599 ut
670 2541 737 2599 litus
759 2542 854 2616 tetigit
877 2548 1031 2614 repostum,

484 2626 591 2699 Sponte
615 2627 757 2685 conscisso
780 2627 873 2699 patuit
895 2626 1047 2700 sepulchro

526 2712 618 2770 Saxea
640 2728 736 2784 rupes.

430 2837 457 2892 4.
484 2834 590 2905 Sponte
613 2838 641 2888 te
663 2832 771 2892 Christi
795 2832 907 2890 coluere
930 2838 1049 2903 turmae,

484 2918 591 2990 Sponte
613 2917 779 2975 Maurorum
801 2917 921 2975 timuere
942 2923 1049 2990 gentes,

484 3005 592 3075 Sponte
615 3000 708 3060 felicis
730 3003 877 3061 celebrant
898 3003 1012 3076 patroni

523 3088 633 3146 Nomen
656 3087 742 3150 iberi.

429 3211 458 3268 5.
482 3208 592 3265 Nomen
614 3206 681 3264 binc
704 3206 798 3264 cuncti
821 3205 969 3265 celebrent
990 3222 1124 3279 perenne,

481 3293 575 3351 Patris
597 3308 632 3350 ac
653 3293 713 3350 nati
735 3292 882 3351 eelebrent
903 3299 931 3350 et
954 3293 1021 3351 almi

482 3379 616 3450 Spiritus,
639 3394 726 3435 unum
748 3377 851 3450 quibus
873 3385 918 3437 est
940 3394 1083 3450 cacumen,

524 3464 589 3524 Una
610 3469 746 3535 potestas.

250 3586 326 3634 Brev.
352 3581 595 3647 compostellanum
620 3582 654 3629 im
676 3580 856 3646 .Ulisiponae
882 3578 955 3631 1497.
976 3579 1007 3629 A.
1032 3608 1063 3615 —
1086 3582 1161 3630 Brev.
1180 3579 1206 3628 S.
1226 3549 1360 3629 Benedicti

180 3652 354 3703 Vaiisoletani
373 3654 435 3716 imp.
453 3649 594 3700 Vaiisoleti
615 3646 645 3698 1Γ
684 3686 688 3698 .
708 3650 737 3698 Β.

562 3850 622 3907 289.
658 3850 696 3907 lie
716 3852 813 3908 saneto
828 3849 977 3908 ildefonso.

670 3973 714 4026 Ad
732 3973 872 4041 Vesperas.

182 4103 209 4161 1.
234 4098 309 4158 Celsi
332 4095 505 4156 confessoris
797 4099 827 4157 2.
850 4095 997 4154 Laudibus
1021 4096 1132 4155 canoris

235 4185 352 4243 Festum
375 4185 568 4243 venerandum
848 4181 939 4240 Nobis
961 4188 1003 4239 est
1020 4182 1193 4253 instandum,

231 4270 332 4345 Nobis,
355 4276 387 4328 ut
409 4277 450 4328 est
474 4271 570 4341 moris,
849 4267 982 4325 Debitum
1007 4268 1122 4325 honoris

233 4356 327 4414 Adest
348 4356 559 4418 celebrandum.
848 4350 995 4414 ildefonso
1018 4354 1154 4416 dandum.
