<?xml version="1.0" encoding="UTF-8"?>
<!DOCTYPE html PUBLIC "-//W3C//DTD XHTML 1.0 Transitional//EN"
    "http://www.w3.org/TR/xhtml1/DTD/xhtml1-transitional.dtd">
<html xmlns="http://www.w3.org/1999/xhtml" xml:lang="en" lang="en">
 <head>
  <title>
</title>
<meta http-equiv="Content-Type" content="text/html;charset=utf-8" />
  <meta name='ocr-system' content='tesseract 3.04.00' />
  <meta name='ocr-capabilities' content='ocr_page ocr_carea ocr_par ocr_line ocrx_word'/>
</head>
<body>
  <div class='ocr_page' id='page_1' title='image "./hymnodiahiberic00drevgoog_0039.png"; bbox 0 0 2918 4868; ppageno 0'>
   <div class='ocr_carea' id='block_1_1' title="bbox 620 271 830 336">
    <p class='ocr_par' dir='ltr' id='par_1_1' title="bbox 620 271 830 336">
     <span class='ocr_line' id='line_1_1' title="bbox 620 271 830 336; baseline 0.005 -19"><span class='ocrx_word' id='word_1_1' title='bbox 620 271 830 336; x_wconf 72' lang='lat'>„32-</span> 
     </span>
    </p>
   </div>
   <div class='ocr_carea' id='block_1_2' title="bbox 511 451 939 633">
    <p class='ocr_par' dir='ltr' id='par_1_2' title="bbox 511 451 939 633">
     <span class='ocr_line' id='line_1_2' title="bbox 511 451 939 529; baseline 0.009 -20"><span class='ocrx_word' id='word_1_2' title='bbox 511 451 541 509; x_wconf 93' lang='grc' dir='ltr'><strong>ΙΙ.</strong></span> <span class='ocrx_word' id='word_1_3' title='bbox 576 453 614 510; x_wconf 84' lang='lat' dir='ltr'><strong>llo</strong></span> <span class='ocrx_word' id='word_1_4' title='bbox 632 454 710 528; x_wconf 77' lang='lat' dir='ltr'><strong>Fuga</strong></span> <span class='ocrx_word' id='word_1_5' title='bbox 727 454 755 511; x_wconf 93' lang='lat' dir='ltr'><strong>in</strong></span> <span class='ocrx_word' id='word_1_6' title='bbox 774 456 939 529; x_wconf 77' lang='lat' dir='ltr'><strong>Aegyptum.</strong></span> 
     </span>
     <span class='ocr_line' id='line_1_3' title="bbox 641 576 816 633; baseline 0 -2"><span class='ocrx_word' id='word_1_7' title='bbox 641 576 684 631; x_wconf 85' lang='lat' dir='ltr'><strong>Ad</strong></span> <span class='ocrx_word' id='word_1_8' title='bbox 703 578 816 633; x_wconf 83' lang='lat' dir='ltr'><strong>Laudes.</strong></span> 
     </span>
    </p>
   </div>
   <div class='ocr_carea' id='block_1_3' title="bbox 385 699 1003 1032">
    <p class='ocr_par' dir='ltr' id='par_1_3' title="bbox 385 699 1003 954">
     <span class='ocr_line' id='line_1_4' title="bbox 385 699 995 777; baseline 0.005 -18"><span class='ocrx_word' id='word_1_9' title='bbox 385 700 415 759; x_wconf 91' lang='lat'><strong>1.</strong></span> <span class='ocrx_word' id='word_1_10' title='bbox 439 699 525 760; x_wconf 86' lang='lat' dir='ltr'><strong>Orbis</strong></span> <span class='ocrx_word' id='word_1_11' title='bbox 547 700 676 759; x_wconf 81' lang='lat' dir='ltr'>immensi</span> <span class='ocrx_word' id='word_1_12' title='bbox 698 702 785 761; x_wconf 88' lang='lat' dir='ltr'><strong>deoor</strong></span> <span class='ocrx_word' id='word_1_13' title='bbox 805 709 835 760; x_wconf 88' lang='lat' dir='ltr'><strong>et</strong></span> <span class='ocrx_word' id='word_1_14' title='bbox 855 704 995 777; x_wconf 84' lang='lat' dir='ltr'><strong>polorum,</strong></span> 
     </span>
     <span class='ocr_line' id='line_1_5' title="bbox 439 785 973 861; baseline 0.009 -18"><span class='ocrx_word' id='word_1_15' title='bbox 439 785 493 856; x_wconf 85' lang='lat' dir='ltr'><strong>Qui</strong></span> <span class='ocrx_word' id='word_1_16' title='bbox 515 791 564 845; x_wconf 87' lang='lat' dir='ltr'><strong>tna</strong></span> <span class='ocrx_word' id='word_1_17' title='bbox 587 787 689 846; x_wconf 83' lang='lat' dir='ltr'><strong>dextra</strong></span> <span class='ocrx_word' id='word_1_18' title='bbox 710 789 831 861; x_wconf 87' lang='lat' dir='ltr'><strong>populos</strong></span> <span class='ocrx_word' id='word_1_19' title='bbox 854 789 973 848; x_wconf 90' lang='lat' dir='ltr'><strong>tenellos</strong></span> 
     </span>
     <span class='ocr_line' id='line_1_6' title="bbox 437 871 1003 954; baseline 0.009 -25"><span class='ocrx_word' id='word_1_20' title='bbox 437 871 529 945; x_wconf 80' lang='lat' dir='ltr'>Saepe</span> <span class='ocrx_word' id='word_1_21' title='bbox 551 878 702 950; x_wconf 85' lang='lat' dir='ltr'><strong>sustentas,</strong></span> <span class='ocrx_word' id='word_1_22' title='bbox 726 889 843 949; x_wconf 77' lang='lat' dir='ltr'><strong>reparas</strong></span> <span class='ocrx_word' id='word_1_23' title='bbox 865 875 1003 954; x_wconf 86' lang='lat' dir='ltr'><strong>labentes,</strong></span> 
     </span>
    </p>

    <p class='ocr_par' dir='ltr' id='par_1_4' title="bbox 479 956 785 1032">
     <span class='ocr_line' id='line_1_7' title="bbox 479 956 785 1032; baseline 0.013 -17"><span class='ocrx_word' id='word_1_24' title='bbox 479 956 539 1015; x_wconf 87' lang='lat' dir='ltr'><strong>Nos</strong></span> <span class='ocrx_word' id='word_1_25' title='bbox 561 974 672 1032; x_wconf 85' lang='lat' dir='ltr'><strong>quoqne</strong></span> <span class='ocrx_word' id='word_1_26' title='bbox 693 974 785 1020; x_wconf 86' lang='lat' dir='ltr'><strong>serva.</strong></span> 
     </span>
    </p>
   </div>
   <div class='ocr_carea' id='block_1_4' title="bbox 383 1111 1001 1432">
    <p class='ocr_par' dir='ltr' id='par_1_5' title="bbox 383 1111 1001 1359">
     <span class='ocr_line' id='line_1_8' title="bbox 383 1111 907 1188; baseline 0.002 -18"><span class='ocrx_word' id='word_1_27' title='bbox 383 1113 413 1172; x_wconf 85' lang='lat'><strong>2.</strong></span> <span class='ocrx_word' id='word_1_28' title='bbox 434 1111 528 1170; x_wconf 81' lang='lat' dir='ltr'><strong>Antra</strong></span> <span class='ocrx_word' id='word_1_29' title='bbox 550 1112 656 1171; x_wconf 89' lang='lat' dir='ltr'><strong>deserti</strong></span> <span class='ocrx_word' id='word_1_30' title='bbox 678 1111 788 1187; x_wconf 73' lang='lat' dir='ltr'><strong>lugiens</strong></span> <span class='ocrx_word' id='word_1_31' title='bbox 809 1115 907 1188; x_wconf 91' lang='lat' dir='ltr'><strong>petisti</strong></span> 
     </span>
     <span class='ocr_line' id='line_1_9' title="bbox 437 1197 1001 1272; baseline 0.009 -17"><span class='ocrx_word' id='word_1_32' title='bbox 437 1197 562 1271; x_wconf 80' lang='lat' dir='ltr'><strong>Altaque</strong></span> <span class='ocrx_word' id='word_1_33' title='bbox 584 1197 710 1257; x_wconf 84' lang='lat' dir='ltr'><strong>lustrans</strong></span> <span class='ocrx_word' id='word_1_34' title='bbox 732 1200 845 1259; x_wconf 89' lang='lat' dir='ltr'><strong>stabula</strong></span> <span class='ocrx_word' id='word_1_35' title='bbox 866 1198 1001 1272; x_wconf 85' lang='lat' dir='ltr'><strong>ferarum,</strong></span> 
     </span>
     <span class='ocr_line' id='line_1_10' title="bbox 438 1282 953 1359; baseline 0.006 -18"><span class='ocrx_word' id='word_1_36' title='bbox 438 1282 523 1341; x_wconf 89' lang='lat' dir='ltr'><strong>Ulnis</strong></span> <span class='ocrx_word' id='word_1_37' title='bbox 544 1283 693 1356; x_wconf 81' lang='lat' dir='ltr'><strong>amplexus</strong></span> <span class='ocrx_word' id='word_1_38' title='bbox 715 1286 860 1357; x_wconf 80' lang='lat' dir='ltr'><strong>genitricis</strong></span> <span class='ocrx_word' id='word_1_39' title='bbox 875 1286 953 1359; x_wconf 88' lang='lat' dir='ltr'><strong>almi,</strong></span> 
     </span>
    </p>

    <p class='ocr_par' dir='ltr' id='par_1_6' title="bbox 477 1368 692 1432">
     <span class='ocr_line' id='line_1_11' title="bbox 477 1368 692 1432; baseline 0.019 -6"><span class='ocrx_word' id='word_1_40' title='bbox 477 1368 551 1427; x_wconf 87' lang='lat' dir='ltr'><strong>Divo</strong></span> <span class='ocrx_word' id='word_1_41' title='bbox 572 1370 692 1432; x_wconf 89' lang='lat' dir='ltr'><strong>Mariae.</strong></span> 
     </span>
    </p>
   </div>
   <div class='ocr_carea' id='block_1_5' title="bbox 384 1524 1064 1854">
    <p class='ocr_par' dir='ltr' id='par_1_7' title="bbox 384 1524 1064 1770">
     <span class='ocr_line' id='line_1_12' title="bbox 384 1524 1064 1606; baseline 0.003 -23"><span class='ocrx_word' id='word_1_42' title='bbox 384 1525 411 1583; x_wconf 84' lang='lat'><strong>3.</strong></span> <span class='ocrx_word' id='word_1_43' title='bbox 439 1524 553 1582; x_wconf 84' lang='lat' dir='ltr'><strong>intrans</strong></span> <span class='ocrx_word' id='word_1_44' title='bbox 576 1524 727 1584; x_wconf 87' lang='lat' dir='ltr'><strong>obscurum</strong></span> <span class='ocrx_word' id='word_1_45' title='bbox 750 1526 796 1585; x_wconf 87' lang='lat' dir='ltr'><strong>via</strong></span> <span class='ocrx_word' id='word_1_46' title='bbox 818 1528 867 1584; x_wconf 81' lang='lat' dir='ltr'><strong>lun</strong></span> <span class='ocrx_word' id='word_1_47' title='bbox 889 1529 1064 1606; x_wconf 78' lang='lat' dir='ltr'><strong>Aegyptum,</strong></span> 
     </span>
     <span class='ocr_line' id='line_1_13' title="bbox 437 1608 1000 1682; baseline 0.005 -14"><span class='ocrx_word' id='word_1_48' title='bbox 437 1608 582 1668; x_wconf 84' lang='lat' dir='ltr'><strong>Gorrnnnt</strong></span> <span class='ocrx_word' id='word_1_49' title='bbox 602 1611 699 1669; x_wconf 89' lang='lat' dir='ltr'><strong>statim</strong></span> <span class='ocrx_word' id='word_1_50' title='bbox 721 1611 872 1670; x_wconf 88' lang='lat' dir='ltr'><strong>simulacra</strong></span> <span class='ocrx_word' id='word_1_51' title='bbox 895 1612 1000 1682; x_wconf 85' lang='lat' dir='ltr'><strong>divum,</strong></span> 
     </span>
     <span class='ocr_line' id='line_1_14' title="bbox 441 1693 999 1770; baseline 0.011 -19"><span class='ocrx_word' id='word_1_52' title='bbox 441 1693 592 1768; x_wconf 85' lang='lat' dir='ltr'><strong>Nequeunt</strong></span> <span class='ocrx_word' id='word_1_53' title='bbox 613 1702 691 1754; x_wconf 85' lang='lat' dir='ltr'><strong>stare</strong></span> <span class='ocrx_word' id='word_1_54' title='bbox 712 1702 741 1753; x_wconf 92' lang='lat' dir='ltr'><strong>te</strong></span> <span class='ocrx_word' id='word_1_55' title='bbox 765 1703 915 1770; x_wconf 80' lang='lat' dir='ltr'><strong>praesente</strong></span> <span class='ocrx_word' id='word_1_56' title='bbox 936 1699 999 1757; x_wconf 87' lang='lat' dir='ltr'><strong>Deo</strong></span> 
     </span>
    </p>

    <p class='ocr_par' dir='ltr' id='par_1_8' title="bbox 478 1780 754 1854">
     <span class='ocr_line' id='line_1_15' title="bbox 478 1780 754 1854; baseline 0.022 -16"><span class='ocrx_word' id='word_1_57' title='bbox 478 1780 603 1840; x_wconf 88' lang='lat' dir='ltr'><strong>Numina</strong></span> <span class='ocrx_word' id='word_1_58' title='bbox 624 1797 754 1854; x_wconf 87' lang='lat' dir='ltr'><strong>nequam.</strong></span> 
     </span>
    </p>
   </div>
   <div class='ocr_carea' id='block_1_6' title="bbox 386 1933 992 2252">
    <p class='ocr_par' dir='ltr' id='par_1_9' title="bbox 386 1933 992 2188">
     <span class='ocr_line' id='line_1_16' title="bbox 386 1933 972 2011; baseline 0.003 -17"><span class='ocrx_word' id='word_1_59' title='bbox 386 1937 416 1996; x_wconf 87' lang='grc'><strong>4.</strong></span> <span class='ocrx_word' id='word_1_60' title='bbox 441 1933 517 1993; x_wconf 89' lang='lat' dir='ltr'><strong>Nats</strong></span> <span class='ocrx_word' id='word_1_61' title='bbox 539 1935 659 1993; x_wconf 88' lang='lat' dir='ltr'><strong>rectoris</strong></span> <span class='ocrx_word' id='word_1_62' title='bbox 681 1951 813 2008; x_wconf 87' lang='lat' dir='ltr'><strong>superum</strong></span> <span class='ocrx_word' id='word_1_63' title='bbox 837 1938 972 2011; x_wconf 81' lang='lat' dir='ltr'><strong>potentis,</strong></span> 
     </span>
     <span class='ocr_line' id='line_1_17' title="bbox 439 2019 976 2099; baseline 0.006 -21"><span class='ocrx_word' id='word_1_64' title='bbox 439 2019 523 2078; x_wconf 91' lang='lat' dir='ltr'><strong>Orbis</strong></span> <span class='ocrx_word' id='word_1_65' title='bbox 546 2036 563 2078; x_wconf 95' lang='lat' dir='ltr'><strong>o</strong></span> <span class='ocrx_word' id='word_1_66' title='bbox 584 2020 633 2078; x_wconf 85' lang='lat' dir='ltr'><strong>lnx</strong></span> <span class='ocrx_word' id='word_1_67' title='bbox 656 2027 686 2079; x_wconf 92' lang='lat' dir='ltr'><strong>et</strong></span> <span class='ocrx_word' id='word_1_68' title='bbox 706 2022 829 2094; x_wconf 81' lang='lat' dir='ltr'><strong>genitrix</strong></span> <span class='ocrx_word' id='word_1_69' title='bbox 851 2024 976 2099; x_wconf 88' lang='lat' dir='ltr'><strong>snpemi,</strong></span> 
     </span>
     <span class='ocr_line' id='line_1_18' title="bbox 438 2104 992 2188; baseline 0.007 -25"><span class='ocrx_word' id='word_1_70' title='bbox 438 2104 484 2163; x_wconf 92' lang='lat' dir='ltr'><strong>Da</strong></span> <span class='ocrx_word' id='word_1_71' title='bbox 506 2111 556 2166; x_wconf 93' lang='lat' dir='ltr'><strong>tno</strong></span> <span class='ocrx_word' id='word_1_72' title='bbox 577 2112 653 2178; x_wconf 88' lang='lat' dir='ltr'><strong>nato,</strong></span> <span class='ocrx_word' id='word_1_73' title='bbox 678 2106 865 2179; x_wconf 83' lang='lat' dir='ltr'><strong>deprecamur</strong></span> <span class='ocrx_word' id='word_1_74' title='bbox 886 2125 992 2188; x_wconf 79' lang='lat' dir='ltr'><strong>omnes,</strong></span> 
     </span>
    </p>

    <p class='ocr_par' dir='ltr' id='par_1_10' title="bbox 479 2190 699 2252">
     <span class='ocr_line' id='line_1_19' title="bbox 479 2190 699 2252; baseline 0.005 -2"><span class='ocrx_word' id='word_1_75' title='bbox 479 2190 602 2250; x_wconf 86' lang='lat' dir='ltr'><strong>Comites</strong></span> <span class='ocrx_word' id='word_1_76' title='bbox 628 2207 699 2252; x_wconf 88' lang='lat' dir='ltr'><strong>esse.</strong></span> 
     </span>
    </p>
   </div>
   <div class='ocr_carea' id='block_1_7' title="bbox 384 2345 1005 2422">
    <p class='ocr_par' dir='ltr' id='par_1_11' title="bbox 384 2345 1005 2422">
     <span class='ocr_line' id='line_1_20' title="bbox 384 2345 1005 2422; baseline 0.005 -18"><span class='ocrx_word' id='word_1_77' title='bbox 384 2346 413 2407; x_wconf 82' lang='lat'><strong>5.</strong></span> <span class='ocrx_word' id='word_1_78' title='bbox 436 2345 475 2404; x_wconf 87' lang='lat' dir='ltr'><strong>Et</strong></span> <span class='ocrx_word' id='word_1_79' title='bbox 497 2346 546 2418; x_wconf 88' lang='lat' dir='ltr'><strong>qni</strong></span> <span class='ocrx_word' id='word_1_80' title='bbox 567 2361 620 2417; x_wconf 91' lang='lat' dir='ltr'><strong>pro</strong></span> <span class='ocrx_word' id='word_1_81' title='bbox 643 2345 724 2404; x_wconf 90' lang='lat' dir='ltr'><strong>nobis</strong></span> <span class='ocrx_word' id='word_1_82' title='bbox 746 2347 902 2407; x_wconf 85' lang='lat' dir='ltr'><strong>exsulando</strong></span> <span class='ocrx_word' id='word_1_83' title='bbox 925 2346 1005 2422; x_wconf 82' lang='lat' dir='ltr'><strong>fugit,</strong></span> 
     </span>
    </p>
   </div>
   <div class='ocr_carea' id='block_1_8' title="bbox 435 2431 963 2674">
    <p class='ocr_par' dir='ltr' id='par_1_12' title="bbox 435 2431 963 2674">
     <span class='ocr_line' id='line_1_21' title="bbox 435 2431 963 2509; baseline 0.004 -20"><span class='ocrx_word' id='word_1_84' title='bbox 435 2431 513 2490; x_wconf 89' lang='lat' dir='ltr'><strong>Dens</strong></span> <span class='ocrx_word' id='word_1_85' title='bbox 533 2437 675 2503; x_wconf 87' lang='lat' dir='ltr'><strong>aeternus,</strong></span> <span class='ocrx_word' id='word_1_86' title='bbox 699 2436 783 2491; x_wconf 87' lang='lat' dir='ltr'><strong>natus</strong></span> <span class='ocrx_word' id='word_1_87' title='bbox 804 2433 867 2507; x_wconf 91' lang='lat' dir='ltr'><strong>ipse</strong></span> <span class='ocrx_word' id='word_1_88' title='bbox 889 2439 963 2509; x_wconf 77' lang='lat' dir='ltr'><strong>tnns,</strong></span> 
     </span>
     <span class='ocr_line' id='line_1_22' title="bbox 437 2516 888 2589; baseline 0.007 -15"><span class='ocrx_word' id='word_1_89' title='bbox 437 2516 529 2574; x_wconf 90' lang='lat' dir='ltr'><strong>Donet</strong></span> <span class='ocrx_word' id='word_1_90' title='bbox 553 2523 582 2573; x_wconf 92' lang='lat' dir='ltr'><strong>et</strong></span> <span class='ocrx_word' id='word_1_91' title='bbox 604 2516 685 2574; x_wconf 91' lang='lat' dir='ltr'><strong>nobis</strong></span> <span class='ocrx_word' id='word_1_92' title='bbox 707 2517 815 2589; x_wconf 83' lang='lat' dir='ltr'><strong>pietate</strong></span> <span class='ocrx_word' id='word_1_93' title='bbox 837 2535 888 2577; x_wconf 88' lang='lat' dir='ltr'><strong>sna</strong></span> 
     </span>
     <span class='ocr_line' id='line_1_23' title="bbox 480 2602 739 2674; baseline 0.012 -16"><span class='ocrx_word' id='word_1_94' title='bbox 480 2602 579 2674; x_wconf 81' lang='lat' dir='ltr'><strong>Regna</strong></span> <span class='ocrx_word' id='word_1_95' title='bbox 600 2602 739 2674; x_wconf 90' lang='lat' dir='ltr'><strong>polorum.</strong></span> 
     </span>
    </p>
   </div>
   <div class='ocr_carea' id='block_1_9' title="bbox 208 2717 808 2785">
    <p class='ocr_par' dir='ltr' id='par_1_13' title="bbox 208 2717 808 2785">
     <span class='ocr_line' id='line_1_24' title="bbox 208 2717 808 2785; baseline 0.012 -22"><span class='ocrx_word' id='word_1_96' title='bbox 208 2717 283 2767; x_wconf 88' lang='lat' dir='ltr'><strong>Brev.</strong></span> <span class='ocrx_word' id='word_1_97' title='bbox 301 2718 462 2783; x_wconf 80' lang='lat' dir='ltr'><strong>Segoriense</strong></span> <span class='ocrx_word' id='word_1_98' title='bbox 483 2721 545 2785; x_wconf 87' lang='lat' dir='ltr'><strong>imp.</strong></span> <span class='ocrx_word' id='word_1_99' title='bbox 563 2720 714 2771; x_wconf 87' lang='lat' dir='ltr'><strong>Vallisolati</strong></span> <span class='ocrx_word' id='word_1_100' title='bbox 736 2717 808 2770; x_wconf 76' lang='lat'><strong>1527.</strong></span> 
     </span>
    </p>
   </div>
   <div class='ocr_carea' id='block_1_10' title="bbox 498 2987 948 3164">
    <p class='ocr_par' dir='ltr' id='par_1_14' title="bbox 498 2987 948 3164">
     <span class='ocr_line' id='line_1_25' title="bbox 498 2987 948 3062; baseline -0.004 -16"><span class='ocrx_word' id='word_1_101' title='bbox 498 2989 534 3046; x_wconf 80' lang='lat'><strong>12.</strong></span> <span class='ocrx_word' id='word_1_102' title='bbox 569 2989 601 3046; x_wconf 94' lang='lat' dir='ltr'><strong>ln</strong></span> <span class='ocrx_word' id='word_1_103' title='bbox 620 2987 880 3062; x_wconf 68' lang='lat' dir='ltr'><strong>transfiguratione</strong></span> <span class='ocrx_word' id='word_1_104' title='bbox 898 2990 948 3046; x_wconf 80' lang='lat' dir='ltr'><strong>llll.</strong></span> 
     </span>
     <span class='ocr_line' id='line_1_26' title="bbox 628 3108 802 3164; baseline -0.011 -1"><span class='ocrx_word' id='word_1_105' title='bbox 628 3108 672 3163; x_wconf 83' lang='lat' dir='ltr'><strong>Ad</strong></span> <span class='ocrx_word' id='word_1_106' title='bbox 689 3108 802 3164; x_wconf 88' lang='lat' dir='ltr'><strong>Laudes.</strong></span> 
     </span>
    </p>
   </div>
   <div class='ocr_carea' id='block_1_11' title="bbox 141 3250 1312 3580">
    <p class='ocr_par' dir='ltr' id='par_1_15' title="bbox 141 3250 1312 3580">
     <span class='ocr_line' id='line_1_27' title="bbox 141 3250 1124 3322; baseline -0.002 -12"><span class='ocrx_word' id='word_1_107' title='bbox 141 3251 167 3310; x_wconf 94' lang='lat'><strong>1.</strong></span> <span class='ocrx_word' id='word_1_108' title='bbox 193 3250 292 3308; x_wconf 87' lang='lat' dir='ltr'><strong>lllnxit</strong></span> <span class='ocrx_word' id='word_1_109' title='bbox 316 3250 377 3308; x_wconf 87' lang='lat' dir='ltr'><strong>dies</strong></span> <span class='ocrx_word' id='word_1_110' title='bbox 399 3250 506 3321; x_wconf 83' lang='lat' dir='ltr'><strong>inolita,</strong></span> <span class='ocrx_word' id='word_1_111' title='bbox 751 3255 778 3312; x_wconf 85' lang='grc'><strong>3.</strong></span> <span class='ocrx_word' id='word_1_112' title='bbox 802 3250 887 3309; x_wconf 89' lang='lat' dir='ltr'><strong>Nune</strong></span> <span class='ocrx_word' id='word_1_113' title='bbox 906 3250 1124 3322; x_wconf 89' lang='lat' dir='ltr'><strong>jubilationibus</strong></span> 
     </span>
     <span class='ocr_line' id='line_1_28' title="bbox 190 3334 1312 3409; baseline 0 -14"><span class='ocrx_word' id='word_1_114' title='bbox 190 3340 251 3407; x_wconf 76' lang='lat' dir='ltr'><strong>tina</strong></span> <span class='ocrx_word' id='word_1_115' title='bbox 274 3335 416 3394; x_wconf 88' lang='lat' dir='ltr'><strong>oredimus</strong></span> <span class='ocrx_word' id='word_1_116' title='bbox 439 3334 568 3408; x_wconf 84' lang='lat' dir='ltr'><strong>pollicita</strong></span> <span class='ocrx_word' id='word_1_117' title='bbox 803 3337 907 3395; x_wconf 90' lang='lat' dir='ltr'><strong>Omnes</strong></span> <span class='ocrx_word' id='word_1_118' title='bbox 936 3337 1076 3409; x_wconf 87' lang='lat' dir='ltr'><strong>plaudant</strong></span> <span class='ocrx_word' id='word_1_119' title='bbox 1098 3352 1160 3393; x_wconf 90' lang='lat' dir='ltr'><strong>cnm</strong></span> <span class='ocrx_word' id='word_1_120' title='bbox 1183 3337 1312 3395; x_wconf 89' lang='lat' dir='ltr'><strong>manibus</strong></span> 
     </span>
     <span class='ocr_line' id='line_1_29' title="bbox 190 3421 1210 3493; baseline -0.002 -13"><span class='ocrx_word' id='word_1_121' title='bbox 190 3421 352 3480; x_wconf 85' lang='lat' dir='ltr'><strong>Gondonari</strong></span> <span class='ocrx_word' id='word_1_122' title='bbox 372 3421 555 3493; x_wconf 84' lang='lat' dir='ltr'><strong>poscentibus</strong></span> <span class='ocrx_word' id='word_1_123' title='bbox 803 3422 836 3478; x_wconf 92' lang='lat' dir='ltr'><strong>ln</strong></span> <span class='ocrx_word' id='word_1_124' title='bbox 859 3421 904 3478; x_wconf 88' lang='lat' dir='ltr'><strong>his</strong></span> <span class='ocrx_word' id='word_1_125' title='bbox 926 3423 1013 3480; x_wconf 86' lang='lat' dir='ltr'><strong>tantis</strong></span> <span class='ocrx_word' id='word_1_126' title='bbox 1035 3421 1210 3479; x_wconf 89' lang='lat' dir='ltr'><strong>solemnibus</strong></span> 
     </span>
     <span class='ocr_line' id='line_1_30' title="bbox 190 3506 1268 3580; baseline 0 -15"><span class='ocrx_word' id='word_1_127' title='bbox 190 3506 297 3565; x_wconf 85' lang='lat' dir='ltr'><strong>Christi</strong></span> <span class='ocrx_word' id='word_1_128' title='bbox 318 3507 408 3565; x_wconf 85' lang='lat' dir='ltr'><strong>saeris</strong></span> <span class='ocrx_word' id='word_1_129' title='bbox 428 3506 573 3580; x_wconf 89' lang='lat' dir='ltr'><strong>operibns.</strong></span> <span class='ocrx_word' id='word_1_130' title='bbox 803 3506 893 3565; x_wconf 88' lang='lat' dir='ltr'><strong>Nobis</strong></span> <span class='ocrx_word' id='word_1_131' title='bbox 917 3524 1032 3580; x_wconf 81' lang='lat' dir='ltr'><strong>regnum</strong></span> <span class='ocrx_word' id='word_1_132' title='bbox 1055 3506 1268 3579; x_wconf 90' lang='lat' dir='ltr'><strong>praebentibus.</strong></span> 
     </span>
    </p>
   </div>
   <div class='ocr_carea' id='block_1_12' title="bbox 137 3626 1255 3957">
    <p class='ocr_par' dir='ltr' id='par_1_16' title="bbox 137 3626 1255 3957">
     <span class='ocr_line' id='line_1_31' title="bbox 137 3626 1196 3700; baseline -0.003 -14"><span class='ocrx_word' id='word_1_133' title='bbox 137 3630 165 3689; x_wconf 86' lang='lat'><strong>2.</strong></span> <span class='ocrx_word' id='word_1_134' title='bbox 188 3627 242 3700; x_wconf 84' lang='lat' dir='ltr'><strong>Qui</strong></span> <span class='ocrx_word' id='word_1_135' title='bbox 263 3626 388 3700; x_wconf 81' lang='lat' dir='ltr'><strong>glorioso</strong></span> <span class='ocrx_word' id='word_1_136' title='bbox 410 3627 516 3684; x_wconf 89' lang='lat' dir='ltr'><strong>lumine</strong></span> <span class='ocrx_word' id='word_1_137' title='bbox 751 3632 778 3687; x_wconf 83' lang='lat'><strong>4.</strong></span> <span class='ocrx_word' id='word_1_138' title='bbox 805 3627 862 3689; x_wconf 92' lang='lat' dir='ltr'><strong>Ubi</strong></span> <span class='ocrx_word' id='word_1_139' title='bbox 881 3629 941 3700; x_wconf 86' lang='lat' dir='ltr'><strong>jam</strong></span> <span class='ocrx_word' id='word_1_140' title='bbox 963 3626 1196 3700; x_wconf 78' lang='lat' dir='ltr'><strong>transfiguratum</strong></span> 
     </span>
     <span class='ocr_line' id='line_1_32' title="bbox 189 3712 1255 3772; baseline -0.003 0"><span class='ocrx_word' id='word_1_141' title='bbox 189 3714 263 3772; x_wconf 89' lang='lat' dir='ltr'><strong>Prae</strong></span> <span class='ocrx_word' id='word_1_142' title='bbox 285 3712 353 3770; x_wconf 91' lang='lat' dir='ltr'><strong>solis</strong></span> <span class='ocrx_word' id='word_1_143' title='bbox 376 3712 548 3771; x_wconf 85' lang='lat' dir='ltr'><strong>claritudine</strong></span> <span class='ocrx_word' id='word_1_144' title='bbox 802 3714 920 3772; x_wconf 89' lang='lat' dir='ltr'><strong>Trinum</strong></span> <span class='ocrx_word' id='word_1_145' title='bbox 944 3720 973 3770; x_wconf 92' lang='lat' dir='ltr'><strong>et</strong></span> <span class='ocrx_word' id='word_1_146' title='bbox 993 3729 1079 3770; x_wconf 89' lang='lat' dir='ltr'><strong>nnnm</strong></span> <span class='ocrx_word' id='word_1_147' title='bbox 1102 3712 1255 3772; x_wconf 89' lang='lat' dir='ltr'><strong>Dominum</strong></span> 
     </span>
     <span class='ocr_line' id='line_1_33' title="bbox 189 3796 1220 3871; baseline -0.001 -16"><span class='ocrx_word' id='word_1_148' title='bbox 189 3796 423 3871; x_wconf 79' lang='lat' dir='ltr'><strong>Transfiguratnr</strong></span> <span class='ocrx_word' id='word_1_149' title='bbox 445 3797 530 3856; x_wconf 90' lang='lat' dir='ltr'><strong>bodie</strong></span> <span class='ocrx_word' id='word_1_150' title='bbox 804 3799 1016 3870; x_wconf 75' lang='lat' dir='ltr'><strong>conspiciemus</strong></span> <span class='ocrx_word' id='word_1_151' title='bbox 1038 3798 1220 3870; x_wconf 90' lang='lat' dir='ltr'><strong>splendidum</strong></span> 
     </span>
     <span class='ocr_line' id='line_1_34' title="bbox 189 3883 1182 3957; baseline 0.001 -16"><span class='ocrx_word' id='word_1_152' title='bbox 189 3883 247 3941; x_wconf 87' lang='lat' dir='ltr'><strong>Sub</strong></span> <span class='ocrx_word' id='word_1_153' title='bbox 272 3883 387 3942; x_wconf 84' lang='lat' dir='ltr'><strong>deitatis</strong></span> <span class='ocrx_word' id='word_1_154' title='bbox 409 3884 514 3957; x_wconf 88' lang='lat' dir='ltr'><strong>speeie.</strong></span> <span class='ocrx_word' id='word_1_155' title='bbox 803 3884 840 3943; x_wconf 84' lang='lat' dir='ltr'><strong>Ei</strong></span> <span class='ocrx_word' id='word_1_156' title='bbox 862 3889 1009 3942; x_wconf 86' lang='lat' dir='ltr'><strong>cantantes</strong></span> <span class='ocrx_word' id='word_1_157' title='bbox 1031 3883 1182 3942; x_wconf 86' lang='lat' dir='ltr'><strong>canticum.</strong></span> 
     </span>
    </p>
   </div>
   <div class='ocr_carea' id='block_1_13' title="bbox 435 4004 965 4333">
    <p class='ocr_par' dir='ltr' id='par_1_17' title="bbox 435 4004 965 4333">
     <span class='ocr_line' id='line_1_35' title="bbox 435 4004 825 4081; baseline -0.008 -17"><span class='ocrx_word' id='word_1_158' title='bbox 435 4009 463 4065; x_wconf 84' lang='lat'><strong>5.</strong></span> <span class='ocrx_word' id='word_1_159' title='bbox 487 4005 588 4064; x_wconf 87' lang='lat' dir='ltr'><strong>Gloria</strong></span> <span class='ocrx_word' id='word_1_160' title='bbox 609 4004 672 4077; x_wconf 86' lang='lat' dir='ltr'><strong>tibi,</strong></span> <span class='ocrx_word' id='word_1_161' title='bbox 696 4005 825 4081; x_wconf 83' lang='lat' dir='ltr'><strong>Domine,</strong></span> 
     </span>
     <span class='ocr_line' id='line_1_36' title="bbox 483 4089 887 4165; baseline -0.007 -15"><span class='ocrx_word' id='word_1_162' title='bbox 483 4091 652 4165; x_wconf 88' lang='lat' dir='ltr'><strong>Splendenti</strong></span> <span class='ocrx_word' id='word_1_163' title='bbox 673 4090 751 4147; x_wconf 84' lang='lat' dir='ltr'><strong>claro</strong></span> <span class='ocrx_word' id='word_1_164' title='bbox 773 4089 887 4162; x_wconf 86' lang='lat' dir='ltr'><strong>lumine,</strong></span> 
     </span>
     <span class='ocr_line' id='line_1_37' title="bbox 486 4173 965 4250; baseline -0.008 -13"><span class='ocrx_word' id='word_1_165' title='bbox 486 4177 556 4237; x_wconf 89' lang='lat' dir='ltr'><strong>Cum</strong></span> <span class='ocrx_word' id='word_1_166' title='bbox 578 4181 661 4250; x_wconf 86' lang='lat' dir='ltr'><strong>patre</strong></span> <span class='ocrx_word' id='word_1_167' title='bbox 682 4180 712 4232; x_wconf 92' lang='lat' dir='ltr'><strong>et</strong></span> <span class='ocrx_word' id='word_1_168' title='bbox 733 4180 831 4232; x_wconf 86' lang='lat' dir='ltr'><strong>sancto</strong></span> <span class='ocrx_word' id='word_1_169' title='bbox 851 4173 965 4233; x_wconf 86' lang='lat' dir='ltr'><strong>flumine</strong></span> 
     </span>
     <span class='ocr_line' id='line_1_38' title="bbox 485 4260 853 4333; baseline -0.005 -12"><span class='ocrx_word' id='word_1_170' title='bbox 485 4264 517 4321; x_wconf 90' lang='lat' dir='ltr'><strong>In</strong></span> <span class='ocrx_word' id='word_1_171' title='bbox 541 4261 714 4333; x_wconf 90' lang='lat' dir='ltr'><strong>sempiterna</strong></span> <span class='ocrx_word' id='word_1_172' title='bbox 732 4260 853 4319; x_wconf 87' lang='lat' dir='ltr'><strong>saecula.</strong></span> 
     </span>
    </p>
   </div>
   <div class='ocr_carea' id='block_1_14' title="bbox 209 4374 914 4446">
    <p class='ocr_par' dir='ltr' id='par_1_18' title="bbox 209 4374 914 4446">
     <span class='ocr_line' id='line_1_39' title="bbox 209 4374 914 4446; baseline -0.007 -15"><span class='ocrx_word' id='word_1_173' title='bbox 209 4380 286 4431; x_wconf 88' lang='lat' dir='ltr'><strong>Brev.</strong></span> <span class='ocrx_word' id='word_1_174' title='bbox 305 4379 546 4446; x_wconf 76' lang='lat' dir='ltr'><strong>compostellanum</strong></span> <span class='ocrx_word' id='word_1_175' title='bbox 564 4380 626 4445; x_wconf 90' lang='lat' dir='ltr'><strong>imp.</strong></span> <span class='ocrx_word' id='word_1_176' title='bbox 645 4378 822 4429; x_wconf 76' lang='lat' dir='ltr'><strong>Salmanticae</strong></span> <span class='ocrx_word' id='word_1_177' title='bbox 841 4374 914 4429; x_wconf 83' lang='lat'><strong>1569.</strong></span> 
     </span>
    </p>
   </div>
   <div class='ocr_carea' id='block_1_15' title="bbox 0 0 1464 4868">
    <p class='ocr_par' dir='ltr' id='par_1_19' title="bbox 0 0 1464 4868">
     <span class='ocr_line' id='line_1_40' title="bbox 0 0 1464 4868; baseline 0 0"><span class='ocrx_word' id='word_1_178' title='bbox 0 0 1464 4868; x_wconf 95' lang='lat' dir='ltr'><strong> </strong></span> 
     </span>
    </p>
   </div>
  </div>
 </body>
</html>
