2918 4868
609 303 840 368 -239-

386 480 435 539 23.
460 478 568 538 Ductor
590 485 620 536 et
641 478 724 556 alme,
748 485 829 537 tuere
851 485 914 536 tuos

455 565 543 624 Paule
567 563 658 640 beate,
683 561 783 623 tovena
806 562 936 635 famulos,

456 649 501 707 Da
523 666 634 722 quoqne
656 656 751 708 mente
770 648 867 708 subire
888 651 994 722 polum,

455 738 517 808 Quo
539 735 657 794 videant
678 736 740 793 sine
762 735 819 794 fine
840 734 931 793 Deum

456 821 553 893 Teque
579 823 622 879 sui
644 828 760 879 teneant
780 821 898 882 socium.

381 959 431 1016 24.
455 956 545 1030 Euge,
570 956 652 1016 beate
674 959 827 1029 valensque
850 958 944 1029 Petro,

456 1042 545 1101 Paule
566 1043 737 1118 peroptime,
760 1059 874 1116 semper
895 1059 957 1115 ave,

456 1127 570 1186 Caelica
591 1144 661 1202 quos
683 1132 762 1186 tenet
783 1129 849 1187 aula
870 1128 934 1201 liei,

454 1213 587 1288 Angeliei
608 1213 693 1272 simul
715 1219 745 1271 et
766 1215 849 1272 aunei

456 1299 629 1373 Aetereiqne
648 1295 748 1358 fovent
769 1299 878 1373 populi.

383 1437 433 1500 25.
457 1435 555 1493 Virtus
577 1437 723 1509 honorque
744 1436 782 1493 sit
803 1435 940 1510 ingenito,

460 1523 590 1594 musque
612 1520 699 1580 deone
722 1521 817 1594 genito
839 1521 970 1593 Domino,

458 1606 579 1679 Spiritui
601 1622 713 1680 quoque
735 1607 876 1680 paraclito

458 1691 558 1751 Gloria
579 1707 684 1765 perpes
707 1698 736 1750 et
756 1692 908 1765 imperinm

456 1777 498 1835 Sit
520 1778 582 1836 sine
603 1782 733 1850 tempore
754 1784 932 1850 perpetuum.

204 1893 266 1943 (lod.
285 1894 363 1943 Arelr.
378 1897 497 1945 (intranea
510 1896 637 1959 Arragon.
652 1894 812 1959 liivipulleu.
830 1891 871 1944 40.
890 1910 959 1944 saec.
979 1891 1017 1942 ll.
1036 1921 1065 1928 -
1081 1894 1132 1943 ltlit
1143 1893 1270 1942 Neumen.
1283 1921 1314 1929 -

136 1960 160 2022 7,
178 1960 196 2013 4
213 1963 350 2026 Quomodo
370 1968 471 2013 cuneta
490 1989 524 1998 -
542 1964 630 2028 Vergl.
648 1962 696 2014 das
714 1979 748 2013 nu
766 1964 811 2013 Nr.
829 1959 880 2013 404
899 1961 1045 2012 Bemarlate.

497 2196 554 2254 416.
589 2196 628 2254 lie
646 2213 669 2254 s.
688 2198 772 2255 Petro
791 2195 947 2254 oxomensi.

626 2319 668 2374 Ad
685 2319 826 2390 Vesperas.

144 2448 173 2509 1.
197 2446 320 2505 Plaudet
340 2446 466 2520 phalanx
489 2445 619 2520 angelica
755 2450 786 2508 4.
808 2446 853 2506 Ne
875 2447 991 2504 lucerua
1013 2445 1066 2503 sub
1087 2445 1183 2503 modio

193 2531 279 2590 Tanti
301 2529 376 2591 festa
396 2531 549 2605 pontificis,
810 2533 951 2592 Latitaret
972 2531 1088 2602 diutina,

196 2618 273 2688 Quae
295 2618 432 2677 Oxomam
456 2617 584 2676 Biturica
808 2617 943 2677 Sanctum
965 2632 1075 2674 summa
1096 2615 1223 2690 dignatio

195 2702 290 2763 Jnssis
312 2702 471 2761 transmisit
493 2702 617 2765 coelioie.
808 2703 895 2763 vexit
916 2703 954 2762 ad
977 2703 1089 2760 eulmen
1108 2702 1204 2760 altius.

143 2824 172 2884 2.
195 2822 238 2884 Ut
259 2821 380 2880 tribulos
402 2822 548 2894 evelleret,
756 2828 785 2887 5.
808 2823 931 2897 Dignum
954 2821 1087 2880 nimirum
1110 2822 1221 2883 exstitit

195 2906 299 2980 Spinae
321 2912 350 2965 et
370 2912 465 2966 sentes
488 2907 617 2981 veprium
808 2909 892 2967 Hune
913 2914 1013 2981 postea
1034 2909 1212 2985 praecipere,

194 2992 235 3051 Et
254 2993 383 3051 surculos
405 2993 544 3051 insereret
807 2994 860 3065 Qui
883 2993 1045 3052 ministrare
1067 2993 1158 3053 voluit

196 3079 339 3138 Virtutum
362 3079 580 3138 oomseantinm.
809 3079 847 3137 lit
870 3077 990 3138 formam
1013 3079 1088 3138 servi
1110 3095 1232 3138 sumere.

143 3201 172 3261 3.
196 3197 279 3256 Prius
301 3199 394 3257 Toleti
416 3197 513 3257 flomit
756 3204 786 3264 6.
809 3199 854 3259 Sit
875 3200 946 3271 laus,
971 3199 1058 3258 decus
1081 3205 1110 3257 et
1131 3200 1222 3273 gloria

196 3284 230 3342 In
251 3283 473 3359 archidiaconio,
810 3284 898 3358 Patri,
921 3290 998 3357 nato,
1020 3285 1171 3358 paraclito,

195 3368 399 3442 Metropolitae
420 3369 551 3428 subdidit
809 3370 863 3442 Qui
885 3371 1044 3444 posthaec
1066 3371 1232 3430 transitoria

196 3453 233 3512 Se
255 3454 417 3514 Bernhardi
441 3455 573 3514 dominio.
810 3457 926 3516 Petrum
950 3455 1052 3515 ditavit
1073 3456 1185 3516 merito.

208 3573 285 3624 Brev-
304 3588 351 3623 mo.
369 3574 516 3624 Oxomense
534 3588 602 3623 eaeo.
621 3571 652 3623 15
687 3570 752 3622 God.
771 3574 857 3638 Capit.
876 3575 1002 3625 Oxomeu.
1021 3590 1042 3624 s.
1061 3590 1087 3624 n.
1105 3598 1139 3609 -
1156 3570 1181 3634 4,
1200 3569 1217 3625 3
1234 3573 1317 3639 Spiri-

143 3645 197 3691 tum
218 3656 320 3692 eumma
339 3641 466 3707 dignatio,
489 3641 607 3693 offeubar
626 3642 725 3708 infulge
742 3642 855 3693 taleeher
872 3642 1030 3709 Aufidaung.

505 3877 560 3935 117.
596 3877 635 3936 lio
654 3893 675 3934 a.
693 3878 776 3935 Petro
793 3876 950 3935 tironensi.

608 3998 651 4053 Ad
668 3998 840 4053 Nocturnum.

144 4126 171 4186 1.
195 4125 298 4183 Nostis
318 4126 401 4198 juges
424 4123 559 4183 excubias
761 4127 789 4187 2.
813 4125 971 4200 Exemplar
993 4125 1075 4184 nobis
1098 4127 1192 4200 vigeat

195 4212 279 4271 Puris
301 4226 417 4284 agamus
440 4208 582 4268 mentibus
811 4212 867 4270 Hie
889 4211 934 4270 vir
955 4217 1071 4270 sanotae
1093 4208 1245 4270 memoriae

195 4296 266 4370 Regi
287 4312 411 4369 superno
435 4294 547 4354 debitas
811 4298 899 4368 Quem
924 4296 960 4355 de
982 4297 1104 4357 terrenis
1126 4296 1249 4355 advocat

194 4380 326 4440 Somno
348 4379 515 4440 reiectis
530 4381 702 4440 artubus.
809 4383 962 4443 consors
984 4388 1152 4456 paternae
1173 4380 1315 4455 gloriae.
