2918 4868
629 267 841 332 ..40-

138 448 167 507 3.
190 446 269 516 Quae
290 445 374 518 longo
398 443 573 517 postliminio
753 443 782 502 4.
806 440 976 500 Helisabetb
999 440 1143 498 consortio

195 531 229 589 ln
250 529 436 602 compedibus
458 529 554 605 insita,
806 527 944 600 illiusque
966 525 1121 598 praesidio,

190 616 236 674 En
258 616 322 688 ipsa
341 616 400 687 jam
423 631 498 672 nnnc
519 613 611 672 libera
808 612 915 685 Quibus
938 611 1000 670 Deo
1023 627 1107 684 quam
1131 608 1253 669 maximo

192 701 370 759 Ferdinandi
391 700 534 773 suppctia.
809 698 924 757 Laudes
947 697 1053 756 dantur
1073 697 1103 754 in
1125 710 1253 756 numero.

549 801 649 860 Gloria
672 800 736 873 tibi,
759 800 891 860 Domine.

210 923 287 972 Brev.
300 921 542 985 compostellanum
560 921 621 985 imp.
635 920 792 985 Ulisiponae
808 915 881 968 1497.
895 919 926 968 Α.
941 943 971 952 -
984 919 1060 968 Brev.
1073 917 1318 983 compostellanum

137 991 200 1054 imp.
218 988 397 1040 salmanticae
420 986 493 1039 1569.
512 991 541 1039 Β.
561 1015 593 1023 -
612 985 636 1049 2,
653 984 670 1037 4
689 986 803 1038 Illiberti
822 988 999 1037 1010111101.

466 1169 508 1226 27.
546 1169 577 1226 ln
591 1169 672 1226 lleato
690 1167 883 1246 llxaltationir
900 1166 986 1225 llidci.

612 1289 656 1344 Ad
673 1289 845 1345 Nocturnum.

141 1417 169 1476 1.
194 1415 348 1487 Surgamus
370 1414 442 1471 arcti
465 1413 553 1472 latria
756 1417 785 1474 3.
810 1415 883 1473 Nam
906 1414 930 1471 si
954 1414 1060 1473 duliam
1082 1414 1254 1473 mortalibus

191 1495 414 1578 Athanatdque]
433 1498 549 1557 reddita
808 1500 914 1558 Nostro
938 1499 1072 1558 debemus
1094 1505 1232 1573 tempore,

196 1585 336 1644 Canamus
358 1585 386 1642 in
409 1585 521 1642 laetitia
807 1585 903 1643 Nullis
927 1585 1054 1644 dicamus
1073 1585 1178 1658 justius

193 1671 294 1745 Regali
316 1687 369 1742 pro
392 1670 522 1730 victoria.
809 1670 968 1744 Hesperiae
991 1687 1075 1746 quam
1097 1670 1220 1744 regibus.

141 1776 170 1833 2.
194 1773 347 1845 Tropbaea
369 1788 465 1846 regum
489 1772 648 1846 pangimus,
755 1777 787 1833 4.
811 1772 910 1831 Gloria
932 1773 994 1845 tibi,
1018 1773 1149 1845 Domine,
1190 1789 1193 1795 ’

193 1858 301 1929 Quibus
323 1857 385 1916 Deo
408 1858 612 1930 perpendimus
808 1859 862 1930 Qui
884 1865 968 1917 natus
990 1876 1021 1916 es
1044 1859 1080 1917 de
1102 1858 1221 1932 virgine,

195 1943 309 2002 Laudes
333 1943 415 2000 enixe
439 1943 551 2002 debitas
809 1943 878 2002 Cum
902 1951 986 2015 patre
1008 1951 1036 2002 et
1059 1951 1160 2002 sancto
1183 1944 1287 2016 spiritu

196 2029 310 2086 Nostris
333 2029 489 2101 psallentes
512 2029 638 2087 vocibus.
810 2031 843 2087 11
867 2030 1040 2102 sempiterna
1063 2029 1185 2088 saecula.

210 2147 286 2195 Brev.
300 2145 541 2210 compostellanum
560 2148 621 2210 imp.
635 2144 792 2211 Ulisiponae
812 2141 884 2193 1497.
899 2146 930 2194 Α.
943 2172 975 2178 -
988 2146 1063 2195 Brev.
1077 2144 1318 2210 compostellanum

140 2217 202 2279 imp.
215 2214 394 2264 salmanticae
414 2212 486 2264 1569.
500 2216 527 2263 Β.
546 2239 579 2248 -
596 2214 715 2264 Ersteres
734 2215 782 2262 mit
799 2213 844 2262 der
859 2214 973 2262 ltnbrilr:
995 2212 1131 2276 „Officium
1149 2214 1319 2264 exaltationis

140 2283 216 2343 fidei,
239 2283 309 2347 quod
337 2282 470 2332 ordinavit
486 2285 550 2332 Rev.
574 2285 601 2332 in
625 2282 729 2332 Christo
754 2286 828 2346 pater
852 2281 970 2331 Didacus
993 2282 1025 2333 de
1049 2283 1153 2341 Muros,
1180 2285 1319 2348 episcopua

141 2353 319 2409 civitatensis,
339 2367 385 2416 pro
402 2354 515 2401 victoria
532 2352 648 2400 civitatis
666 2354 693 2400 et
710 2352 785 2414 regni
802 2351 942 2413 Grunnius,
961 2353 1031 2414 regis
1048 2355 1075 2400 ct
1089 2352 1195 2416 saginae
1214 2353 1320 2401 nomine

143 2423 277 2484 totiusque
295 2421 369 2486 regni
387 2423 488 2483 gratias
507 2435 587 2484 agens
605 2416 686 2470 Deo.“

461 2603 504 2659 28.
539 2603 570 2660 lu
588 2601 736 2677 Triumpho
760 2606 876 2660 sanotae
894 2603 997 2661 Crucis.

635 2723 678 2776 Ad
696 2723 836 2792 vesperas.

45 2852 48 2857 '
147 2851 174 2908 1.
199 2848 278 2919 Jesu,
303 2847 468 2920 redemptor
489 2847 623 2919 omnium,
762 2832 1044 2908 5.Νο1011101111
1067 2847 1209 2920 subripiat

201 2932 308 2991 Gentes
331 2948 468 2990 conserva
490 2932 634 3005 supplices
814 2933 876 2991 Tuo
898 2949 950 2990 nos
972 2933 1055 2991 vibra
1076 2934 1191 3006 lumine,

201 3021 257 3078 Per
279 3019 316 3075 tis
339 3018 432 3075 crucis
454 3019 630 3095 mysterium,
813 3018 894 3090 Quod
918 3019 1051 3077 draconis
1073 3019 1178 3091 eripiat

198 3107 274 3176 Quas
296 3104 433 3176 sanguine
456 3109 598 3161 mercatus
621 3119 660 3166 es.
814 3105 840 3161 A
863 3103 988 3162 toxicato
1011 3101 1138 3165 fulmine.

148 3210 177 3267 2.
200 3204 338 3265 Omnibus
361 3202 460 3263 confer
481 3206 610 3279 gratiam,
762 3209 790 3266 6.
815 3206 936 3263 Nostrae
958 3221 1059 3278 preces
1081 3213 1112 3264 ut
1133 3207 1244 3278 audias,

202 3291 248 3349 Da
271 3291 366 3362 robus,
390 3289 435 3348 ier
452 3292 598 3367 auxilium,
813 3291 855 3349 Te
877 3293 1055 3363 postulamus
1076 3291 1193 3369 affatim,

202 3378 241 3437 Ut
263 3392 422 3435 mereamur
443 3378 554 3435 veniam
816 3376 855 3434 Et
876 3393 964 3450 super
985 3377 1040 3435 hoc
1062 3377 1199 3436 exaudias

202 3465 370 3535 Ignorantes
391 3462 530 3520 exsilium.
814 3462 903 3521 Tuam
927 3463 1039 3535 plebem
1061 3463 1090 3520 in
1114 3463 1265 3536 perpetim.

150 3568 179 3628 9.
199 3565 263 3623 Ηο0
286 3570 414 3636 tempore
435 3581 492 3622 non
513 3565 633 3638 adspice
763 3565 791 3624 7.
815 3565 886 3622 Esto
908 3571 1034 3622 nostrum
1058 3564 1233 3636 praesidium

201 3649 323 3708 Nostros
345 3656 451 3721 reatus,
476 3665 655 3723 quaesumus,
816 3651 968 3723 ignoscens
991 3650 1083 3722 culpis
1104 3650 1245 3723 omnibus,

200 3734 258 3794 Sed
280 3752 331 3793 nos
353 3736 476 3808 benigno
499 3737 632 3808 conspice
816 3735 939 3806 Christe,
958 3733 1083 3792 futurum
1105 3736 1272 3809 praemium,

202 3821 264 3879 Tuo
286 3828 448 3892 conspectu,
472 3822 623 3894 poscimus.
815 3821 878 3879 Rex
900 3821 938 3879 ad
960 3826 989 3877 te
1011 3821 1248 3894 supplicantibus.

148 3927 178 3987 4.
201 3923 249 3982 Ad
272 3929 301 3980 te
324 3923 489 3999 clamantes,
513 3923 645 3996 Domine,
762 3925 790 3984 8.
813 3924 962 3995 Succurre,
985 3929 1085 3982 sancta
1107 3924 1230 3995 trinitas,

201 4009 264 4067 Tua
285 4024 337 4065 nos
361 4008 463 4067 dextra
486 4015 618 4082 protegat
814 4009 962 4081 Frangens
984 4010 1108 4068 adversa
1131 4011 1250 4084 proelia,

201 4093 247 4152 Ab
270 4092 325 4151 bac
348 4093 411 4152 dira
434 4095 577 4171 voragine,
816 4095 857 4153 Ut
877 4094 928 4152 tibi
951 4095 1051 4153 laudes
1074 4094 1186 4154 debitas

202 4179 280 4250 Quae
302 4194 353 4236 nos
376 4180 480 4251 glutire
503 4180 616 4252 cogitat.
818 4180 1016 4238 Persolvamus
1037 4197 1100 4238 cum
1122 4181 1223 4253 gloria

215 4298 292 4346 Brev.
304 4297 461 4347 Toletannrn
480 4299 542 4362 imp.
555 4299 674 4347 Venotiis
695 4294 768 4348 1483.
782 4299 812 4346 Α.
826 4324 859 4332 -
872 4300 947 4350 Brev.
960 4300 1116 4349 Toletanum
1131 4301 1193 4364 imp.
1206 4300 1325 4350 Venetiis

150 4361 223 4416 1492.
248 4367 277 4415 Β.
304 4390 338 4400 -
358 4367 434 4418 Brev.
456 4366 612 4416 Toletanum
637 4369 700 4432 imp.
726 4367 832 4432 Hispali
859 4364 932 4417 1492.
957 4368 985 4417 C.
1012 4395 1044 4403 -
1067 4370 1143 4419 Brev.
1168 4367 1324 4418 Toletnnum
