2918 4868
668 274 881 338 ..22-

189 453 218 513 4.
249 449 349 510 Salvat
371 449 504 508 Christus
526 449 657 527 humiles,

290 537 344 609 Qui
366 553 431 595 eum
453 542 610 609 sequuntur

249 621 391 681 Ethonis
413 621 528 680 assidue

290 709 361 779 Ejus
383 705 578 782 perimuntur.

189 849 217 904 5.
249 847 396 906 Justomm
418 845 565 919 angustiae

294 931 405 990 Multae
427 937 603 1002 asseruntur,

247 1016 347 1077 Salvat
368 1016 435 1074 illos
457 1016 604 1092 Dominus,

291 1103 345 1173 Qut
370 1101 467 1160 Jesum
490 1107 655 1175 sequuntur.

356 1306 396 1355 nd
415 1305 581 1356 Benedictus.

187 1449 223 1505 A.
247 1445 420 1503 Benedictus
442 1444 479 1502 sit
502 1443 650 1517 Dominus,

247 1530 380 1589 Salvator
401 1536 499 1588 noster
521 1530 661 1606 Christus,

248 1616 301 1687 Qui
324 1618 436 1688 genitus
457 1621 582 1689 aeterne,

247 1702 408 1774 Conceptus
430 1707 474 1759 cst
496 1717 531 1759 er
554 1701 674 1774 virgine,

247 1787 340 1845 llomo
362 1784 455 1845 laetus
476 1787 506 1846 in
530 1793 667 1864 tempore,

864 450 905 511 Ut
928 451 1040 524 plebem
1064 467 1143 509 suam
1167 449 1294 510 salvaret

863 537 903 596 Et
922 539 1034 610 superis
1057 537 1190 605 sociaret,

863 622 938 680 Hinc
961 630 989 681 et
1011 623 1073 681 laus
1095 629 1124 680 et
1146 622 1237 696 glorio

863 708 910 765 llli
933 716 999 766 sunt
1021 709 1051 766 in
1074 708 1197 768 saecula.

930 829 971 887 In
994 832 1023 889 2.
1048 828 1242 900 vesperis.

974 930 1016 981 nd
1033 928 1193 995 Magnificat.

861 1018 987 1091 Populus
1008 1017 1135 1076 fidolium

861 1104 1029 1179 Berytensis
1051 1102 1176 1161 credidit

861 1192 960 1251 Jesurn
983 1188 1127 1248 Christum
1151 1192 1306 1246 ereptorem

861 1275 900 1333 Et
920 1275 1092 1333 salvatorem
1114 1275 1248 1344 omnium,

861 1360 914 1431 Qui
936 1360 1043 1434 populo
1066 1360 1184 1419 donavit

861 1444 906 1504 De
928 1462 979 1503 sna
1001 1445 1122 1519 ³·nagtne

860 1530 1040 1592 charismata

860 1617 1013 1690 Ipsumque
1035 1617 1166 1688 salvarit,

861 1703 930 1761 ldeo
953 1704 1014 1775 eJus
1036 1702 1142 1760 nomini

860 1789 1006 1847 Ecclesius
1024 1788 1157 1847 sacravit.

254 1906 330 1955 Brcv.
355 1905 627 1970 Caesaraugustanum
652 1908 714 1972 imp.
738 1908 963 1973 Cnesaraugnstao
988 1903 1060 1956 1527.
1084 1935 1117 1941 —
1140 1908 1172 1956 ln
1199 1903 1221 1954 l.
1246 1907 1320 1955 Nort.
1346 1902 1364 1952 ll

189 1972 217 2033 l,
235 1971 252 2023 8
271 1974 377 2023 sarlvans
396 1976 464 2024 sinu.
484 2002 514 2009 —
534 1977 565 2024 In
583 1971 608 2026 2.
627 1976 703 2027 Noct.
721 1973 739 2023 R
759 1974 785 2036 l,
811 1973 936 2027 {lucrum
956 1977 1070 2041 orghnzt.
1089 2001 1122 2008 —
1141 1976 1171 2024 ln
1190 1970 1213 2022 2.
1233 1975 1311 2038 Vcsp.
1330 1974 1365 2022 ad

185 2043 274 2107 Magn.
293 2039 309 2092 2
326 2043 438 2093 credidit
454 2046 570 2110 erginzt.
594 2070 620 2078 —
639 2044 706 2095 Ihid.
727 2042 759 2095 10
777 2045 899 2095 salvavit.

453 2312 477 2366 3.
512 2309 543 2366 ln
561 2308 788 2367 sanctificatione
807 2307 997 2383 thnceptionis
1018 2309 1095 2365 Bttv.

310 2455 349 2513 ln
376 2457 402 2517 l.
425 2454 618 2527 vesperis.

185 2590 221 2653 R.
244 2590 333 2662 Virgo
355 2590 459 2662 Maria,
483 2591 537 2648 Dei

287 2675 409 2747 genitrix
433 2675 490 2752 pin,
514 2675 700 2734 sanctificaris

247 2765 342 2833 Atque
365 2776 452 2833 super
474 2769 587 2819 sanctos

288 2851 405 2902 cunctos
428 2846 492 2917 plus
514 2862 616 2919 nempe
631 2847 745 2917 bearis3

185 2932 220 2991 V.
244 2932 330 2989 Almo
353 2930 452 2988 domus
472 2930 597 3004 Domini,

285 3032 376 3087 mons,
391 3013 455 3074 lons
467 3024 496 3074 et
506 3035 612 3090 spensa
622 3019 743 3078 vocaris.

354 3150 395 3200 ml
412 3150 574 3216 Magnifieat.

186 3257 223 3318 Α.
246 3257 270 3316 0
293 3255 466 3315 venerabilis
489 3263 518 3314 et
539 3256 691 3314 benedictn

287 3346 409 3413 patrona
431 3343 535 3414 Maria,

244 3426 357 3484 Nobilis
377 3433 406 3490 ct
429 3428 524 3500 digna,

292 3513 347 3569 dne
369 3529 421 3569 nos
440 3514 477 3570 nd
501 3511 605 3585 gaudie
629 3512 686 3574 dia.

247 3596 337 3670 Culpa
361 3605 527 3671 conceptam

286 3688 315 3739 te
333 3682 461 3741 reddidit
476 3683 512 3740 El
528 3680 590 3740 iore
605 3689 743 3755 sanctam,

243 3766 287 3825 lle
308 3783 365 3840 qua
386 3767 449 3840 quis
472 3768 556 3841 culpa

285 3853 340 3910 nisi
356 3851 487 3911 Christus
509 3870 564 3911 non
589 3851 640 3911 init
657 3855 743 3931 ultm‚

241 3937 284 3995 Tn
307 3944 402 3996 tamen
425 3939 509 3996 existi

285 4032 375 4082 mater
398 4024 563 4097 dignissima
585 4025 702 4086 Christi.

243 4109 321 4182 Ergo
343 4110 481 4168 salvatrix

286 4195 325 4251 sis
348 4195 429 4253 nohis
453 4197 510 4253 ‹lnx
534 4203 560 4252 ct
584 4198 716 4269 amatrix,

242 4280 340 4337 Hostis
363 4288 391 4338 ct
412 4301 430 4340 o
452 4283 516 4339 telis

284 4383 335 4423 nos
357 4374 484 4443 pmtego,
508 4368 588 4440 virgo
610 4366 713 4427 tidelis.

920 2453 976 2512 Ad
998 2453 1240 2512 Matutinum.

983 2572 1178 2621 Invitatorium.

858 2675 1020 2734 rideremus
1043 2692 1105 2734 cum
1131 2676 1223 2735 beatis

902 2761 1005 2833 Deum,
1029 2763 1077 2834 qui
1100 2769 1202 2820 cuncta
1225 2761 1332 2818 creavit.

861 2845 900 2903 Et
922 2847 949 2904 in
974 2847 1039 2906 alvo
1061 2865 1130 2906 suae
1152 2848 1251 2906 matris

902 2933 1023 2991 Mariam
1048 2931 1244 2992 sanctificavit.

919 3173 959 3230 ln
985 3173 1011 3232 1.
1036 3170 1241 3233 Nocturno.

991 3288 1166 3354 Antiphontis.

799 3394 827 3452 1.
858 3392 962 3465 Maria,
987 3393 1105 3451 consilio

900 3476 953 3536 Dei
977 3485 1007 3536 te
1029 3480 1161 3552 concepit

860 3565 945 3621 Anna
966 3580 1001 3622 ex
1023 3565 1153 3638 eorrjngio

900 3649 1040 3728 inachim,
1064 3666 1147 3724 quem
1169 3650 1290 3723 accepit.

797 3754 825 3811 2.
856 3751 900 3809 Tu
922 3767 953 3808 es
975 3769 1043 3812 arca
1065 3752 1234 3827 sanctitutis,

900 3838 990 3908 Quom
1012 3837 1090 3897 Deus
1112 3837 1311 3908 sanctificavit,

857 3924 890 3981 ln
912 3927 940 3978 te
963 3939 1067 3981 manna
1088 3924 1219 3982 veritatis

898 4006 982 4065 Fecit
993 4009 1133 4081 Christus,
1145 4010 1194 4082 qui
1206 4027 1256 4067 nos
1269 4010 1355 4082 pavit.

796 4113 824 4170 3.
852 4110 957 4175 Maria,
981 4110 1160 4171 sanctificata

900 4196 968 4254 Plus
997 4214 1081 4270 rpuam
1104 4198 1195 4255 omnis
1216 4203 1356 4267 creatura,

855 4282 911 4341 Por
932 4288 961 4338 te
983 4285 1074 4341 virtus
1095 4283 1224 4342 increata

900 4363 991 4425 Nobis
1013 4375 1142 4441 praestet.
1164 4370 1235 4427 coeli
1256 4372 1331 4442 jum.
