2918 4868
615 277 827 341 -35-

535 480 572 538 16.
611 481 648 536 lle
667 481 764 537 saneto
783 478 900 552 Spiritu.

631 601 675 655 Ad
692 601 816 655 Primam.

136 731 165 789 1.
190 730 231 786 Te
253 729 325 786 lucis
348 730 377 786 in
400 729 543 801 principio
750 729 779 788 2.
804 727 845 786 Ut
865 726 971 799 spretis
993 727 1152 785 voluntarie

187 815 338 886 Rogamus,
362 814 436 872 alme
455 815 582 886 spiritus,
804 812 898 884 Hujus
920 812 997 870 vitae
1018 812 1162 870 illecebris

187 901 308 958 Remoto
329 900 405 957 omni
428 899 498 956 vitio
801 897 866 956 Jam
891 898 965 956 douo
987 904 1053 956 tuae
1072 897 1182 970 gratiae

186 984 260 1044 Fide
281 985 390 1044 firmari
411 985 534 1058 penitus.
805 983 884 1041 Coeli
906 981 1035 1042 fruamur
1056 984 1177 1056 gaudiis.

509 1089 537 1149 3.
563 1085 690 1161 Praesta,
714 1090 798 1157 pater
819 1084 957 1156 piissime.

204 1204 276 1254 Orat.
299 1220 346 1254 ms.
366 1219 433 1254 saec.
455 1200 493 1254 15.
513 1202 577 1254 cod.
595 1202 622 1253 S.
641 1202 804 1253 Fcrdiuandi
821 1203 954 1252 Matriteu.
975 1198 1014 1251 14.

548 1418 583 1476 ll.
619 1420 658 1476 lle
677 1421 772 1476 saucio
792 1416 908 1491 Spiritu.

633 1541 676 1595 Ad
694 1542 808 1595 Sextum.

144 1668 172 1728 1.
197 1667 278 1725 Hora
300 1666 358 1724 diei
378 1665 464 1724 tertia
757 1667 785 1728 2.
809 1666 903 1736 Mens,
926 1665 1032 1738 lingua,
1056 1680 1164 1741 sensus,
1187 1667 1298 1726 enimus

193 1751 238 1810 De
262 1751 341 1809 coelo
364 1752 440 1808 vonit
463 1750 592 1823 spiritus,
809 1752 905 1824 Atque
928 1751 1008 1824 vigor
1030 1766 1184 1823 corporeus

194 1837 235 1897 Ut
257 1843 359 1895 cuncta
380 1837 471 1909 pellat
493 1836 562 1895 vitia
808 1836 1022 1908 Discipulorum
1045 1837 1157 1909 capitur

195 1925 221 1982 A
244 1921 310 1981 fidis
333 1921 440 1982 Christi
462 1921 615 1982 ruentibus.
811 1921 851 1980 Et
872 1921 902 1979 iu
924 1921 1016 1979 Deum
1039 1922 1182 1996 dirigitur.

498 2029 527 2086 3.
552 2024 652 2084 Gloria
670 2025 747 2099 patri
769 2024 892 2082 Domino

550 2110 691 2187 Nataque,
719 2110 768 2183 qui
790 2126 807 2168 a
827 2110 947 2168 mortuis

550 2195 690 2265 Surrexit,
714 2212 748 2254 ac
770 2195 920 2267 paraclito,

547 2283 601 2354 Qui
624 2282 705 2341 dedit
727 2282 780 2339 hoc
804 2281 961 2354 discipulis.

206 2399 279 2449 Orat.
299 2415 345 2449 ms.
364 2416 433 2450 seeo.
455 2396 493 2450 15.
513 2398 577 2449 Cod.
596 2399 624 2450 S.
642 2398 802 2449 Ferdinandi
821 2400 956 2448 Matriteu.
978 2396 1016 2450 14.

543 2610 580 2669 18.
616 2612 655 2669 lle
673 2614 769 2670 saucio
787 2611 904 2685 Spiritu.

643 2732 687 2787 Ad
703 2731 816 2787 Nonam.

142 2861 170 2919 1.
193 2858 318 2930 Compar
339 2858 431 2931 patris
454 2865 483 2916 et
505 2857 556 2916 filii
753 2860 783 2919 2.
809 2858 863 2929 Qui
885 2866 917 2915 ut
939 2857 1054 2918 flamma
1075 2861 1211 2932 apparuit

194 2945 280 3003 Venit
301 2944 330 3001 iu
353 2944 426 3018 iguis
449 2944 545 3016 specie
809 2943 848 3001 Et
869 2942 984 3016 linguae
1008 2942 1128 3003 formam
1152 2945 1264 3019 detulit,

194 3029 318 3103 Spiritus
340 3029 476 3102 adjutorii
807 3029 885 3087 Daus
908 3030 990 3088 uobis
1014 3047 1061 3088 eos
1084 3029 1210 3103 perfluos

194 3117 289 3188 Atque
311 3115 532 3174 misericordiae.
808 3117 904 3186 Atque
926 3132 1023 3175 amore
1046 3114 1182 3176 fervidos.

446 3219 475 3282 3.
498 3218 561 3276 Deo
583 3217 659 3289 patri
682 3216 720 3274 sit
742 3217 834 3291 gloria

499 3304 626 3376 Eiusque
647 3303 700 3361 soli
723 3301 791 3374 filio,

501 3389 608 3460 Quibus
630 3404 687 3445 una
708 3387 868 3446 substantia

499 3475 555 3534 Est
576 3474 660 3531 simol
683 3489 746 3531 cum
768 3474 918 3546 paraclito.

213 3595 285 3644 Orat.
309 3608 356 3642 ms.
381 3606 449 3642 saec.
475 3589 513 3642 15.
545 3591 608 3642 Cod.
628 3589 655 3638 S.
673 3590 834 3640 Fordiuaudi
861 3593 995 3641 Matriten.
1021 3587 1061 3645 14.
1086 3617 1117 3624 -
1145 3588 1172 3651 1,
1195 3589 1211 3640 2
1233 3593 1320 3657 specie

144 3661 217 3712 fehlt.
236 3689 270 3698 —
290 3659 312 3721 l,
331 3656 348 3711 3
365 3660 480 3726 Spiritus
499 3665 612 3710 sauctus.
632 3687 665 3695 —
686 3656 707 3717 l,
726 3658 743 3711 4
760 3660 801 3710 Ad
822 3660 931 3710 devotos
949 3659 1153 3710 misericordiae.

552 3859 589 3918 ta.
625 3859 663 3916 llo
681 3861 778 3917 structo
796 3857 912 3933 Spiritu.

598 3981 641 4035 Ad
659 3981 872 4052 completorium.

148 4109 174 4166 1.
199 4108 233 4166 Iu
256 4106 328 4163 locis
350 4105 434 4177 hujus
457 4105 578 4163 termino
765 4110 792 4168 2.
816 4106 871 4163 Hic
893 4111 970 4175 tuus,
994 4105 1116 4176 Christe,
1139 4106 1257 4178 spiritus

199 4193 273 4250 Toto
295 4207 445 4264 precemur
466 4193 560 4247 animo
815 4194 871 4250 Per
892 4197 921 4249 te
939 4186 1051 4271 [datus]
1073 4208 1125 4249 nos
1147 4192 1253 4263 visitet,

103 4274 108 4281 ’
199 4278 291 4336 Deum
314 4283 425 4349 patrem
448 4276 615 4348 piissimum,
814 4277 854 4337 Ut
876 4293 928 4334 nos
951 4284 1032 4335 natos
1055 4271 1203 4357 intersim]

202 4364 242 4424 Ut
266 4363 315 4422 det
338 4361 420 4421 uobis
442 4363 622 4436 paraclitum
814 4362 913 4435 culpis
936 4363 1043 4420 solutos
1065 4368 1186 4424 recreet.
