2918 4868
609 273 841 338 -121-

273 450 300 508 3.
326 449 394 507 Post
416 453 535 507 mortem
557 448 665 510 Christi
708 447 834 510 Jacobus
856 449 963 507 electus
985 454 1030 507 est
1050 447 1105 507 iste

327 536 440 595 Primus
462 536 492 592 in
515 536 680 608 episcopum
724 534 903 609 Solymomm
925 535 962 593 ab
984 534 1115 594 omnibus
1136 553 1193 595 una

325 622 484 692 Apostolis,
508 621 610 679 merito
653 620 815 679 sanctitatis
838 620 969 693 vitaeque
991 620 1127 682 dictante.

271 725 298 782 4.
324 721 456 782 Gaudeat
478 721 600 780 ecclesia
643 727 724 781 tanto
746 721 838 780 ditata
860 722 999 797 praelato,

322 809 376 880 Qui
397 809 503 867 memit
524 808 633 882 primus
676 807 814 881 mysteria
833 813 933 865 salicta
954 812 1080 866 tractare

323 893 363 952 Et
383 893 460 953 solus
483 894 584 968 populi
627 893 717 953 corda
738 893 891 965 acquisivit
913 893 1029 955 1111111.

272 1003 301 1057 5.
322 995 470 1055 Laudibus
493 1005 537 1056 est
559 996 657 1055 multis
699 994 825 1055 lacobus
846 995 1030 1055 honorandus
1051 996 1185 1070 Alphaei,

321 1082 375 1155 Qui
398 1082 503 1140 totiens
525 1098 618 1156 genua
661 1081 770 1140 orando
792 1080 875 1140 flexit
895 1082 924 1140 in
949 1082 1067 1155 templo,

323 1169 405 1240 Quod
429 1168 518 1227 callos
540 1168 629 1226 ineis
674 1165 774 1226 habuit
795 1168 833 1226 ad
857 1168 971 1226 modum
994 1168 1104 1227 cameli.

211 1287 288 1335 Brcv.
312 1303 358 1336 ms.
381 1285 624 1352 compostellanum
648 1300 716 1335 suec.
745 1281 785 1334 15.
815 1285 878 1336 Cod.
904 1285 942 1335 Ca
961 1288 991 1338 it.
1008 1285 1177 1352 Compostell.
1199 1302 1221 1337 s.
1243 1304 1267 1336 n.
1289 1315 1320 1323 -

142 1351 162 1404 Α
179 1353 204 1404 2.
225 1355 236 1404 1
257 1355 375 1405 credidit.
393 1384 428 1391 —
447 1352 467 1404 Α
486 1352 510 1415 2,
528 1351 545 1405 3
563 1352 694 1404 fimbriam
713 1354 874 1404 vestimenti.
893 1381 924 1389 -
943 1303 965 1404 K
982 1351 1006 1416 3,
1025 1352 1293 1420 2Jer0s01ym0rum.

530 1522 576 1578 41.
613 1520 651 1578 lle
669 1522 766 1577 sancto
784 1519 933 1576 lldclonso.

270 1651 311 1708 ln
337 1650 363 1712 1.
384 1648 578 1721 vesperis.
768 1650 797 1709 2.
819 1647 896 1706 Huic
918 1647 1025 1706 dilecto
1047 1650 1209 1721 praeelecto

864 1733 1009 1791 Tanarum

821 1817 930 1877 Dantur
952 1819 1041 1878 mittit
1062 1825 1092 1878 ot
1113 1823 1265 1881 committit

865 1906 1000 1969 Puerum.

308 1767 393 1833 Super
411 1768 539 1817 Psalmoa.

143 1877 179 1932 Α.
203 1872 374 1944 Duplicator
396 1873 619 1950 commissomm‚

207 1955 362 2035 ildefonse,
387 1959 569 2032 talentamm,

205 2043 247 2101 To
267 2042 430 2102 laudantem
455 2059 522 2116 rege
545 2043 673 2103 chorum.
767 2042 796 2102 3.
818 2041 871 2101 Vir
893 2042 1000 2099 electus
1023 2043 1247 2117 circumspectus

309 2179 330 2228 Α
333 2178 350 2228 d
371 2178 534 2242 Magnificus.
821 2127 1084 2285 Migsurppipgipudens
1100 2135 1129 2186 et
1143 2131 1323 2205 applaudens

143 2285 178 2342 Α·
202 2284 226 2341 0
249 2284 527 2360 accusaremus,
822 2298 862 2356 m
884 2297 1050 2357 1111101
1072 2301 1164 2358 instar
1187 2301 1255 2360 conr

249 2369 350 2427 Houor
371 2369 564 2442 sacerdotum,
865 2385 990 2458 Recipit„

207 2452 362 2527 lldeionsc‚
387 2454 515 2514 debitum

251 2541 329 2598 Cleri
350 2541 392 2599 tui
414 2547 511 2599 votum
950 2555 1135 2621 Respousoria.

207 2628 364 2686 Praesenta
385 2626 447 2685 Deo
469 2625 586 2695 homini,

208 2712 296 2784 Cujus
319 2719 349 2770 tu
372 2713 458 2770 matri
481 2710 585 2787 virgini

236 2800 326 2857 .ch
349 2798 401 2856 das
423 2798 587 2857 testimonia

249 2884 289 2942 Et
310 2885 462 2958 impetrata
485 2884 568 2943 venia

248 2970 293 3026 Ex
316 2970 409 3043 gratia

250 3055 310 3113 Fac
332 3072 384 3113 nos
407 3060 500 3112 conos
518 3054 620 3127 gloria.

771 2677 799 2736 1.
822 2678 846 2736 Ο
869 2677 1001 2735 miranda
1022 2677 1150 2751 dignatio

866 2763 1024 2835 Supremas
1045 2764 1255 2836 providentiae,

825 2849 903 2920 Quas
925 2848 1019 2907 Toleti
1042 2849 1188 2921 pracsidio

864 2937 988 2994 Tantum
1011 2934 1064 2992 das
1087 2934 1254 3008 diligentiae

822 3021 977 3079 Alumnnm
1001 3019 1067 3078 huic
1089 3020 1227 3080 divinitus

821 3105 900 3164 Dans
922 3111 952 3163 et
973 3103 1073 3164 fovens
1096 3105 1246 3183 sollicitus,

264 3226 319 3284 Ad
342 3225 584 3286 Matutinum.
822 3191 1034 3336 Prgffigmm
1057 3197 1086 3250 θῑ
1107 3190 1245 3289 θάψω
1319 3190 1325 3200 1

331 3344 524 3393 mviutonum.
821 3364 907 3423 Hunc
928 3366 1009 3421 tanto
1030 3363 1194 3422 sacerdotio

209 3445 350 3507 lldefonsi
368 3446 541 3507 confessoris
864 3448 987 3523 Dignum
1010 3450 1145 3510 ostendat
1166 3449 1288 3523 penitus.

251 3535 400 3594 Sectantes
420 3534 541 3606 vestigia
758 3534 793 3595 V.
820 3533 863 3592 ’111
886 3531 1034 3595 Ildcfonso
1055 3535 1177 3609 parvulo

208 3620 353 3680 Christum
376 3620 481 3691 cordis,
504 3620 591 3698 11111,
612 3619 672 3678 oris
865 3620 1023 3681 Providisti
1043 3621 1197 3696 Isidorum,

251 3705 414 3764 Laudemus
437 3704 569 3768 melodia.
823 3706 877 3779 Qui
898 3706 980 3765 illum
1003 3705 1040 3767 de
1063 3707 1205 3782 discipulo

864 3792 1019 3851 Docmrem
1040 3790 1111 3850 11111
1132 3793 1266 3853 decorum

266 3879 306 3937 Iu
330 3878 359 3941 l.
383 3876 588 3936 Nocturno.
824 3877 960 3951 Scientia,
977 3876 1114 3937 facundia

338 3994 511 4061 Antipuonae.
866 3964 923 4023 Per
944 3970 1059 4023 senatos
1080 3965 1215 4029 monitus.

158 4103 187 4163 1.
210 4099 377 4171 Hispalensi
398 4100 460 4158 sedi
772 4103 802 4161 2.
824 4101 941 4174 Integer
962 4118 981 4161 1
1001 4118 1092 4176 puero

210 4183 355 4244 Maximus
375 4186 504 4245 Isidorus
867 4186 1044 4246 Adolescens
1067 4185 1169 4261 lactus,

210 4271 354 4344 Praeerat,
376 4271 425 4344 qui
447 4278 510 4330 erat
823 4272 864 4331 Ut
885 4272 915 4331 in
934 4288 1006 4333 aero
1028 4280 1127 4332 tenero

210 4355 340 4415 Moribus
359 4357 491 4430 omnique
866 4359 969 4419 Carnis
991 4359 1102 4432 sprevit
1123 4366 1214 4436 actus,

210 4441 337 4502 Scientia
358 4443 488 4502 decorus.
866 4443 906 4502 Et
924 4444 984 4516 jam
1005 4461 1144 4503 summam
1165 4451 1267 4504 nactus
