2918 4868
607 260 841 325 -160-

139 429 167 480 G.
187 457 218 465 -
239 434 314 483 Brev.
332 433 490 485 Toletsnum
509 435 571 499 imp.
591 433 641 484 His
688 435 697 484 i
718 429 792 485 1498.
810 435 843 484 D.
861 435 983 486 -Brev.
996 436 1155 487 Toletuuum
1172 438 1242 503 imp.
1255 438 1333 504 Lug·

635 433 687 553 td

137 497 202 549 duni
234 497 306 551 1551.
337 502 370 552 tt.
392 527 426 538 -
445 502 521 553 Brev.
550 502 753 569 Psmp'nnense
776 503 839 569 imp.
866 499 940 554 15*⁸.
964 504 994 555 F.
1017 528 1051 539 -
1074 505 1106 555 Iu
1132 502 1155 556 1.
1177 505 1265 573 Vesp.
1292 508 1332 559 ad

138 567 228 635 Mega.
247 565 268 617 Α
287 568 371 622 leutet
387 572 416 621 in
434 572 468 623 F:

530 639 553 689 0
566 640 666 691 Christi
683 639 747 691 felix
765 638 872 706 hospita

565 708 642 759 Pium
660 712 753 759 teneus
771 708 894 771 officium,

529 778 552 828 0
564 776 716 828 famulatrix
734 778 827 828 inclite

565 847 623 897 Dee
641 846 772 912 praebens
789 847 954 914 obsequium,

564 915 654 981 Ipsum
674 915 753 967 redde
766 917 910 982 propitium

530 986 581 1036 Per
598 984 716 1050 gloriosa
734 986 836 1035 meritu-

138 1091 170 1140 In
192 1085 217 1139 3.
235 1089 311 1139 Nost
331 1081 351 1135 11
374 1083 405 1146 2,
431 1083 582 1137 58ιιιιιωίε
606 1088 633 1137 in
655 1085 738 1137 coelis
761 1087 907 1138 collocetur
924 1087 1005 1138 CDE.
1029 1090 1113 1139 -Iu
1135 1087 1160 1139 2.
1179 1090 1263 1157 Vesp.
1291 1095 1329 1145 sd

138 1158 234 1223 Magn„
245 1152 274 1217 Α,
295 1151 308 1205 1
327 1154 350 1205 Ο
368 1170 447 1220 quum
465 1155 603 1206 benedicta
620 1154 705 1219 0⁰53
728 1154 800 1206 diesc
818 1152 839 1204 Α
857 1155 942 1207 lautet
959 1157 988 1207 iu
1005 1157 1040 1208 F:
1063 1158 1186 1210 Gaudent
1202 1161 1326 1214 ecclesia

138 1228 189 1277 wie
206 1229 235 1277 iu
254 1221 277 1275 1.
296 1225 375 1290 Vesp.

470 1491 514 1551 bt.
549 1491 589 1551 lte
607 1507 644 1552 sn.
663 1492 800 1552 timitem
818 1496 848 1551 et
865 1493 986 1554 blindin

268 1674 309 1732 In
333 1674 361 1734 1.
385 1673 581 1745 vesperis.

309 1790 351 1841 Ad
369 1790 531 1856 Magnificus

139 1897 175 1957 Δ.
199 1896 244 1955 Sit
264 1896 326 1953 leus
349 1911 450 1968 magun
471 1894 527 1954 Dei

248 1978 351 2039 festum
374 1979 520 2039 celebrere
542 1980 610 2052 diei,

202 2068 235 2127 In
258 2083 315 2141 qus
337 2072 462 2126 terrores

246 2152 346 2212 mundi
367 2151 575 2211 contemnendo
590 2168 703 2212 sorores

203 2241 333 2313 Utraque
354 2244 432 2299 sorte
453 2238 518 2312 peri

247 2325 328 2398 virgo
350 2330 516 2399 martyrque
537 2322 627 2395 beeri,

205 2413 247 2473 Ut
267 2409 341 2468 bene
362 2409 504 2481 vixerunt,

248 2495 290 2556 its
312 2495 418 2554 coelice
440 2500 667 2568 promeruerunt.

260 2683 315 2744 Ad
337 2683 577 2744 Matutinum.

326 2802 519 2853 Invitetnrium.

208 2908 325 2982 Reqetn,
343 2922 485 2980 sponsum
505 2905 662 2983 circinum,

207 2992 307 3053 Venite
329 2987 494 3053 odorannus.

257 3183 299 3243 In
322 3182 351 3244 1.
374 3181 581 3242 Noctuine.

332 3298 509 3366 Antipbouue.

154 3407 181 3468 1.
204 3407 266 3466 Rex
289 3405 337 3479 pie
357 3404 480 3479 christe,

202 3494 292 3552 Peste
313 3492 438 3549 colentes

204 3577 265 3636 Nes
287 3576 438 3635 Nunilonis

202 3662 381 3735 Alediueque

204 3749 264 3807 Fsc
285 3746 408 3821 adipisci

204 3833 318 3894 Gaudia
339 3832 424 3894 vitae.

153 3942 182 3999 2.
206 3937 282 4014 Dux,
305 3936 352 3994 vin
371 3934 488 4009 eunctis,

204 4023 327 4093 Christe,
350 4038 488 4094 summm,

204 4110 258 4182 Qui
281 4107 416 4184 tribuisti,

204 4195 264 4255 Nos
287 4201 317 4252 ct
339 4209 435 4254 esrum

204 4284 308 4341 Annue
329 4278 403 4339 votis

203 4366 348 4428 Scandere
369 4365 487 4427 coelum.

765 1675 794 1737 3.
817 1675 945 1735 Plurima
966 1692 1019 1749 pro
1041 1680 1079 1750 te,

815 1759 939 1834 Christe,
962 1777 1075 1820 sereres

818 1847 933 1919 Aspera
954 1862 1069 1919 passae,

815 1932 946 2009 Vincula,
970 1929 1069 2006 fustes,

818 2018 867 2078 Sic
888 2017 986 2077 obiere

816 2104 859 2162 Tc
880 2102 1058 2177 profitentes.

764 2208 795 2267 4.
818 2206 925 2265 lrnbuit
946 2207 1012 2265 illus

817 2291 920 2351 Gratis
941 2290 1058 2364 christi,

818 2377 940 2436 Vincere
959 2381 1070 2453 cuncte,

817 2464 896 2535 Quae
915 2462 991 2523 mels
1011 2462 1110 2522 mundi

815 2549 1038 2609 Preereluemnt

818 2634 913 2697 Corde
935 2633 1024 2694 fideli.

765 2741 794 2799 5.
818 2738 925 2797 Nostrs
947 2736 1069 2796 docebst

817 2823 913 2884 Meter
935 2821 989 2881 hoc
1010 2838 1112 2882 uuum:

817 2909 889 2968 Jnrn
910 2907 1036 2967 tenende

818 2993 1063 3065 Christicolarum,

819 3080 884 3140 Non
905 3079 1059 3138 recolende

819 3165 1021 3225 Idolstrerum.

766 3274 795 3334 6.
815 3269 897 3329 Mors
919 3267 1067 3340 utriunque

818 3353 925 3415 Seucte
945 3352 1053 3412 sororis

818 3440 896 3498 Ense
916 3445 1045 3512 peretur,

817 3525 911 3584 danus
933 3524 1014 3597 coeli,

818 3611 894 3670 Dum
916 3607 1067 3682 feriuntur,

818 3696 958 3756 Panditur
978 3695 1048 3758 illis.

943 3829 1128 3896 Responsorns.

767 3936 797 3998 1.
820 3935 939 3995 Psnllite
960 3939 1054 3994 mente
1076 3933 1125 4007 pis

862 4022 954 4081 Deum
974 4019 1112 4079 reboante
1132 4018 1235 4093 sophis

817 4109 874 4170 Pro
895 4106 1005 4165 meritis
1026 4120 1115 4179 neque

862 4192 1013 4251 Nunilonis
1035 4190 1236 4269 Alledineque,

756 4280 790 4340 V.
818 4277 904 4338 Plebs
926 4277 975 4350 pis
996 4277 1130 4349 laetetur,

860 4363 909 4438 qui
930 4361 1047 4438 gundet,
1069 4367 1100 4420 et
1113 4361 1319 4433 indejuvetur.
