2918 4868
697 297 908 363 ..80-

503 476 532 533 6.
555 473 677 549 Christe,
702 477 733 530 tu
754 473 833 547 gregi
856 473 966 531 venium
990 472 1123 542 concede,

555 558 695 632 Martyris
718 556 820 616 festum
844 557 1002 616 celebranti
1024 556 1118 632 laude,

554 644 668 702 Perduc
689 645 727 702 ad
750 660 866 717 regnum
889 643 950 701 sine
972 643 1028 701 fine
1046 658 1172 714 manens,

591 729 704 788 Gaudia
727 728 875 802 praebens.

281 850 357 898 Brev.
376 864 424 898 ms.
437 847 581 898 Illerdcnse
599 863 666 897 saec.
682 843 721 897 13.
740 845 1069 912 cod.Capit.111erden.s.
1085 863 1109 895 n.
1128 875 1157 882 -
1173 843 1197 904 4,
1210 843 1227 896 3
1240 846 1293 896 leto
1307 848 1353 896 lls.

598 1081 654 1140 106.
680 1080 719 1137 lle
738 1081 836 1137 saneto
854 1080 1002 1137 Antonino.

712 1218 755 1272 Ad
773 1218 887 1272 Laudes.

462 1363 491 1421 1.
514 1362 638 1436 Hymnis
661 1378 694 1419 ac
717 1366 802 1420 cantu
824 1361 911 1419 variis
934 1366 963 1418 te
985 1359 1105 1433 pulchre

513 1447 617 1504 Festus
640 1446 775 1522 suscepit,
797 1462 879 1505 sacer
900 1445 1054 1517 Antonine,

514 1533 629 1591 Ducena
652 1532 689 1590 ad
711 1533 805 1591 aulam
828 1531 881 1590 tibi
905 1531 1075 1589 destinatum

555 1618 593 1676 Et
617 1617 699 1676 dedit
720 1618 821 1690 ipsum.

462 1722 490 1780 2.
514 1721 634 1779 Interim
656 1737 725 1780 vero
746 1721 836 1778 trahit
856 1738 874 1778 a
895 1720 997 1778 Doleto

516 1805 594 1864 Grex
617 1806 807 1867 cadurcensis
830 1806 976 1878 Stephano
998 1805 1082 1863 beato

515 1892 605 1949 Aram
627 1890 737 1963 altaris,
760 1892 891 1963 speciosa
912 1891 997 1949 nimis

557 1976 711 2035 Mannaris
733 1976 800 2036 albi.

461 2082 490 2140 3.
514 2080 603 2150 Quam
626 2095 688 2136 cum
713 2078 842 2137 duxisset
864 2093 955 2150 prope
976 2093 1044 2136 snae
1062 2076 1134 2148 sedi,

512 2163 601 2222 Nullo
623 2164 721 2222 labore
744 2163 837 2236 potuit
858 2163 975 2238 moveri,

511 2249 674 2322 Junguntur
695 2247 775 2307 ferae
798 2249 854 2306 cito
876 2248 963 2307 bores
987 2249 1059 2307 duae

555 2335 690 2408 Haecque
715 2334 807 2392 tulere

460 2440 490 2497 4.
514 2437 561 2496 Ad
586 2439 699 2496 domum
721 2437 812 2511 Festi,
835 2441 922 2508 caput
944 2434 973 2492 in
992 2452 1048 2508 qua
1069 2451 1181 2493 sacrum

512 2524 535 2582 0
558 2540 642 2595 quam
666 2523 768 2580 devote
789 2520 885 2579 iuerat
903 2526 1083 2593 susceptnm3

515 2608 669 2665 Cesserunt
690 2608 779 2683 ipsse,
804 2606 853 2665 ubi
875 2622 951 2664 nnnc
972 2607 1064 2664 altare

556 2693 689 2753 Cernitur
714 2708 784 2750 esse.

461 2797 490 2852 5.
514 2796 548 2853 ln
570 2811 625 2865 quo
648 2800 706 2852 tarn
729 2810 840 2852 sacrum
865 2794 1017 2866 requiescit
1038 2793 1150 2866 pignus,

517 2880 581 2936 lllic
603 2880 706 2937 adorat
727 2879 850 2953 populus
872 2886 902 2936 et
924 2879 1026 2951 clerus,

518 2965 592 3022 Vota
614 2965 766 3022 multomm
788 2965 915 3036 sequitur
937 2963 1053 3021 effectus

558 3050 643 3108 Haud
666 3051 867 3112 numerandus.

466 3155 495 3213 6,
519 3151 642 3221 Christe,
669 3156 699 3209 tu
721 3152 798 3224 gregi
823 3152 934 3211 veniam
958 3151 1091 3224 concede,

514 3237 655 3309 Martyris
678 3234 779 3295 festum
804 3236 960 3307 celebranti
983 3236 1090 3311 laude,

514 3324 627 3382 Perduo
649 3322 686 3380 ad
710 3338 826 3395 reguum
849 3322 910 3380 sine
932 3320 989 3381 fine
1010 3336 1138 3392 manens,

555 3407 668 3466 Gaudia
690 3407 839 3479 praebens.

283 3524 360 3574 liner.
381 3540 427 3573 ms.
447 3525 590 3575 lllerdenss
608 3540 676 3575 saec.
698 3521 1050 3590 13.cod.Capit.111erden.
1070 3541 1090 3573 s.
1109 3540 1135 3572 n.
1153 3550 1186 3558 -
1204 3520 1229 3584 3,
1250 3520 1262 3572 l
1281 3523 1393 3573 dixisset

218 3593 266 3642 lis.
289 3618 316 3627 -
337 3590 361 3654 5,
384 3591 396 3642 l
416 3595 508 3658 plenus
521 3593 568 3642 Hs.
581 3623 613 3629 —
632 3591 656 3652 5,
674 3591 755 3643 tnui
769 3593 945 3644 numerandus
957 3593 1005 3642 Hs.
1023 3620 1056 3629 —
1072 3591 1096 3651 6,
1117 3589 1203 3658 lese
1215 3598 1244 3642 tu
1255 3594 1330 3657 gregi
1342 3593 1391 3642 Hs.

606 3825 659 3882 107.
684 3826 721 3882 lle
739 3827 835 3882 saneto
852 3824 997 3883 Antonino.

643 3951 649 3964 ⁸
700 3965 742 4018 Ad
761 3965 902 4034 vesperus.

216 4109 243 4167 1.
267 4109 385 4165 Festum
410 4107 534 4165 colentes
557 4107 643 4166 hodie
830 4109 858 4166 2.
883 4108 970 4177 Cujus
993 4123 1105 4164 sacrum
1127 4107 1294 4180 martyrium

268 4193 368 4263 Tuum,
391 4197 501 4265 martyr
524 4192 645 4264 egregie,
881 4191 1010 4251 Devictis
1032 4192 1131 4263 poenis
1153 4192 1276 4250 hostium

268 4278 420 4348 Antonine,
446 4276 597 4335 virtutibus
882 4276 1072 4348 Triumpbans
1096 4277 1150 4335 Dei
1172 4276 1248 4335 filius

268 4360 399 4421 Defende
422 4380 471 4420 nos
493 4363 529 4420 ab
552 4363 690 4422 hostibus.
881 4361 963 4420 Fecit
986 4368 1095 4420 tortore
1117 4361 1229 4422 fortius.
