2918 4868
639 248 870 313 -102-

176 427 205 485 2.
227 423 377 484 l'rancisci
398 423 596 500 perinsignis
789 430 818 487 4.
842 424 1014 485 Franciseus
1037 424 1099 483 Deo
1118 423 1225 497 jubilat

270 512 440 584 Tempestas
461 511 614 585 evanescit,
884 510 1000 571 Amoris
1021 510 1052 568 in
1075 509 1203 580 fornace,

229 597 373 658 Cusantur
394 596 536 675 animalis,
843 598 928 657 Jesus
948 611 1030 672 quem
1053 595 1110 654 sibi
1131 595 1239 655 similat

271 681 443 742 chirotheca
463 683 612 757 stupescit,
883 680 989 756 Effigie
1012 697 1122 742 verace.

228 766 333 839 Quavis
355 766 656 868 praememorata
788 787 818 848 c.
840 785 1014 845 sancsone
1037 782 1142 844 florens
1164 781 1302 842 reuersus

258 852 434 951 ,Oppressus
456 854 646 925 convalescas
884 870 1004 930 nevers
1026 869 1216 942 redemptoris

164 937 199 1002 V·
230 937 310 1012 Vlffis
333 943 422 1013 “litus
435 939 575 1039 ,limina
840 955 911 1029 Eius
934 953 1026 1030 fulget
1047 954 1239 1029 stigmatibus,

228 1023 285 1082 Per
306 1022 384 1084 sim
404 1025 549 1085 mmbfflss
884 1041 966 1114 Quod
988 1039 1058 1100 fecit
1079 1041 1123 1100 vis
1144 1039 1260 1101 ameris.

269 1109 351 1170 Hm
371 1111 478 1172 verim
499 1109 640 1172 aweit·
944 1175 985 1227 Ad
1003 1175 1163 1227 Benedictus

308 1283 350 1342 In
371 1278 580 1344 Laudibus.
777 1265 814 1324 A·
845 1263 1027 1340 anfflfflsa
1049 1268 1132 1337 ΡΜ
1154 1277 1326 1338 paupemm'

356 1398 456 1450 Auen
885 1349 981 1409 Decus
1004 1349 1194 1447 obedientiae,

325 1503 332 1516 ι
368 1503 375 1517 1
419 1415 553 1519 ΜΨ.
928 1435 1085 1496 Geleisstmi
1107 1436 1259 1509 propheta,

177 1505 205 1565 1.
229 1502 377 1562 Francrscr
398 1505 619 1564 sanctitudinem
843 1521 951 1581 Christi
972 1521 1066 1579 crucis
1088 1528 1117 1579 et
1140 1522 1290 1580 vulnerum

272 1588 405 1648 Gratim
427 1588 558 1664 decebat,
885 1607 1043 1682 Insignitas
1065 1604 1169 1680 effigie,

228 1672 336 1733 Chrilii
357 1676 428 1736 ‹10⁸ss
450 1675 602 1753 milium
926 1692 1027 1755 Crucis
1049 1691 1157 1766 probus
1179 1692 1301 1752 athleta.
1330 1734 1344 1764 ,-

269 1759 351 1832 Quod
374 1775 443 1819 vere
462 1760 680 1836 praetendebat.

176 1883 206 1942 2.
228 1878 376 1939 francisci
396 1881 471 1941 mira
492 1883 612 1942 vulnera
902 1866 946 1925 1¹¹
968 1868 998 1926 2·
1021 1863 1219 1937 velleris·

270 1965 336 2025 Non
358 1965 406 2025 bic
426 1967 479 2027 sed
495 1968 626 2027 Christus
648 1965 726 2040 fecit,
949 1982 989 2032 Ad
1007 1980 1168 2047 Magnifica

227 2051 335 2111 ΑΜ
356 2068 416 2152 ⁸.¹¹⁰.
430 2068 542 2154 mim
610 2140 617 2153 .
778 2091 814 2148 A.
844 2087 1009 2163 Francisce,
1033 2085 1140 2145 Christi
1162 2082 1292 2162 signifer,

270 2136 418 2197 mmm
438 2155 488 2213 Ψ
510 2136 641 2213 mmm·
886 2172 1025 2233 Clementi
1047 2169 1171 2230 artificio

175 2259 204 2318 3.
227 2256 400 2317 Franciecue
422 2275 506 2319 mane
527 2260 628 2334 vigilat
927 2259 1006 2330 Jesu,
1029 2272 1113 2330 quem
1136 2254 1274 2326 dilexisti,

269 2344 317 2402 Art
338 2345 437 2407 desum
466 2346 726 2421 contemplandum,
842 2346 901 2405 Des
924 2344 1017 2403 crucis
1041 2348 1116 2418 vota,
1141 2338 1274 2412 crucifer,

228 2430 317 2500 Quem
340 2431 561 2505 contemplando
583 2432 684 2492 rutilat
885 2434 957 2492 Tam
978 2428 1128 2503 praeclaro
1151 2427 1290 2500 martyrio

272 2516 328 2576 Per
349 2516 460 2589 signum
482 2518 685 2579 venerandum.
928 2515 981 2589 Qui
1004 2514 1107 2591 dignus
1131 2512 1277 2573 exstitisti.

234 2633 310 2682 Brev.
333 2649 381 2683 ma.
406 2635 573 2687 Franciscan.
592 2638 705 2705 Hispan.
731 2654 800 2690 saec.
819 2632 886 2687 ’ὖΙιειΙ
916 2634 979 2686 Cod.
998 2634 1112 2682 Parisin.
1133 2627 1206 2680 1064.
1227 2659 1259 2665 -
1278 2630 1345 2680 Zum

165 2699 286 2750 Officium
303 2696 420 2767 gehbren
438 2704 643 2771 vierHymnen3
662 2710 690 2758 in
705 2705 832 2773 l.Vesp.:
851 2705 1052 2755 Franciscus
1070 2704 1159 2751 amat
1176 2699 1291 2754 unice;
1312 2698 1346 2749 ad

165 2769 255 2818 Necte
282 2771 484 2823 Franciscns
506 2775 615 2826 mnndi
638 2791 814 2843 prospera,
843 2776 870 2824 in
895 2771 991 2822 Laud:
1021 2769 1192 2820 l'raneisci
1217 2769 1249 2816 in
1273 2768 1345 2815 vis·

165 2837 312 2899 ceribus,
332 2841 366 2888 in
383 2835 408 2888 2.
427 2841 520 2906 Vespr
539 2843 583 2893 Ad
602 2845 778 2896 Francisei
797 2845 910 2894 famam
929 2841 1047 2906 prisci.

565 3007 607 3065 el.
642 3009 680 3066 lle
698 3011 797 3066 sancte
815 3005 955 3066 Gabriele.

291 3131 332 3190 In
356 3131 385 3192 1.
408 3131 604 3206 Vesperis.
843 3133 918 3204 Quos
941 3130 1042 3188 mortis
1064 3127 1103 3187 fel

887 3216 1004 3291 Habuit,
1029 3214 1184 3290 dulcorari,

844 3303 883 3362 Et
904 3301 995 3362 Israel

167 3388 204 3448 A.
233 3388 288 3461 Qui
310 3404 424 3448 carnem
446 3389 542 3463 vestis,
887 3387 999 3447 Gaudet
1023 3386 1103 3444 ceelo
1125 3385 1224 3444 locari.

273 3480 305 3531 ut
327 3475 415 3534 dones
436 3475 541 3548 gaudia
560 3475 686 3554 maestis,
780 3476 815 3534 V.
846 3473 924 3547 Ergo
947 3471 994 3532 fac
1016 3471 1072 3529 mel

230 3558 270 3617 Et
291 3576 343 3618 nes
364 3558 512 3633 informas,
888 3560 1011 3617 coeleste
1033 3555 1115 3616 nobis
1137 3556 1211 3632 dari,

275 3643 438 3705 Gabrielem
459 3645 592 3705 laudibus
614 3662 709 3719 ornas,
843 3646 926 3717 Quod
948 3642 1074 3703 Michael

334 3266 418 3332 Super
432 3267 562 3321 Psalmos.

111 3794 114 3804 ,
231 3729 278 3789 Da
298 3730 390 3804 nobis,
413 3731 537 3808 christe,
885 3738 914 3789 et
936 3729 1027 3788 sancti
1049 3731 1165 3801 gustant
1187 3725 1258 3786 cari.

271 3817 332 3888 jam
354 3817 479 3876 saeclum
494 3832 631 3891 spernere
645 3816 729 3875 triste
952 3847 992 3897 Ad
1009 3844 1171 3912 Magnificat

231 3902 272 3962 Et
292 3918 404 3962 sursum
426 3902 514 3962 caelis
844 3936 867 3996 0
890 3933 1009 3995 Gabriel
1035 3931 1189 4007 epicharis,

274 4004 326 4046 ¹¹⁰⁸
347 3988 476 4064 ⁸¹¹⁸⁰iP⁸2
501 4003 553 4047 ¹⁰¹
575 3987 728 4047 Gssbfielss·
843 4020 1042 4093 Archangelus
1064 4016 1128 4075 fons
1146 4015 1269 4089 jubaris,

168 4108 203 4168 R.
233 4107 257 4166 Ο
280 4106 398 4166 Gabriel
885 4108 975 4180 Quem
997 4104 1075 4163 Deus
1093 4103 1240 4178 exaltavit,

274 4192 385 4266 Dignus
407 4208 438 4252 es
460 4193 604 4270 honorari,
844 4191 918 4250 Dum
941 4207 995 4264 per
1015 4196 1054 4263 te,
1077 4205 1134 4247 nen
1156 4204 1209 4261 per
1231 4187 1329 4260 alium,

232 4278 375 4337 Tractasti
397 4279 435 4338 El
846 4277 932 4337 Suum
956 4277 1091 4335 dilectum
1114 4272 1203 4331 filium
1274 4310 1278 4320 ·

274 4363 368 4424 Maria
390 4365 543 4437 incarnari,
888 4363 1001 4423 Mariae
1022 4358 1181 4431 mundavit3
