2918 4868
624 262 836 326 „13-

139 434 211 498 dem
232 433 454 514 Repertorium
471 433 732 516 Hymnologicum
748 434 929 499 chevaliers
951 434 1022 498 eine
1037 434 1135 499 Stella
1157 433 1324 515 gesunden.

140 537 191 600 Da
219 535 270 600 icb
292 536 402 602 diesen
428 537 606 620 „Hymnus“
632 536 746 619 fllglich
769 537 856 602 nicht
876 539 908 602 in
931 539 1033 602 rneinc
1056 537 1238 619 Sarrrmlung
1260 538 1325 603 auf·

144 639 321 704 zunebmen
345 658 481 720 vermem
506 641 567 705 vvill
592 641 641 704 icb
664 642 856 717 demselben‚
880 642 980 705 damit
1001 641 1087 705 nicht
1108 642 1158 705 ein
1181 640 1328 721 fleilsiger

143 741 305 807 Benutzer
327 743 382 807 des
397 743 634 824 Repertorinms
656 743 711 809 ibn
726 745 886 820 vermisse‚
910 743 979 807 hier
995 744 1065 807 eine
1080 741 1178 808 Stolle
1192 750 1325 822 gonnen.

145 844 192 908 Er
221 844 307 908 steht
329 843 406 910 Cod.
429 846 588 912 Matriten.
620 847 660 910 ol.
685 845 827 911 Toletan.
860 845 974 909 14-1.
1004 863 1085 911 saec,
1110 845 1204 908 llll2
1225 845 1329 910 hiuter

146 947 205 1016 cler
223 947 386 1028 Expositio
403 948 596 1014 Psalmorunr
614 948 720 1013 Sancti
735 947 900 1029 Augustini
923 949 987 1013 und
1010 947 1066 1013 hat
1087 948 1148 1011 den
1163 945 1329 1012 Schneiber

147 1051 203 1115 des
225 1049 332 1114 Codex
354 1069 426 1114 zum
450 1049 620 1115 Verfasser.
665 1051 725 1115 Die
748 1048 918 1115 Aufscbrilt
940 1051 1059 1114 lactet:
1092 1050 1228 1113 Metrum
1250 1047 1328 1130 Sap·

146 1152 270 1235 pbicum
302 1157 449 1217 constans
477 1171 515 1216 ex
545 1154 708 1233 trochaeo,
743 1155 917 1235 spondaeo,
950 1153 1093 1234 dactylo;
1124 1152 1254 1216 ultimus
1282 1152 1328 1216 in·

146 1253 332 1320 differenter
360 1256 495 1338 ponitur.
547 1255 636 1332 Quod
669 1256 794 1338 quidam
825 1257 937 1320 cecinit
966 1257 996 1319 in
1027 1255 1186 1320 hilaritate
1216 1256 1329 1320 mentis

147 1375 224 1423 suae
245 1356 328 1423 infra
350 1363 458 1439 portas
479 1358 563 1424 filiae
585 1358 661 1424 Sion
683 1377 787 1425 coram
810 1357 973 1423 fratribus:

446 1481 520 1540 Dum
544 1481 615 1540 cibis
639 1499 742 1556 corpus
764 1481 884 1540 modicis
908 1479 1029 1559 fovetur,

447 1567 564 1642 Pinguis
586 1585 604 1626 a
627 1585 709 1627 ruma
730 1567 892 1628 stomachus
914 1566 1075 1643 marcescit,

442 1652 553 1712 Dumve
575 1671 632 1712 non
654 1652 751 1726 pinsat
772 1653 869 1726 puteal
891 1654 981 1725 palati

527 1739 652 1812 Crapula
673 1739 777 1811 putris,

443 1858 546 1919 Cordis
568 1860 696 1933 ignescat
717 1874 870 1933 generosus
892 1859 989 1930 ardor,

444 1943 552 2002 Mentis
574 1950 721 2003 excrescat
742 1944 792 2016 pia
813 1941 963 2015 fortitudo,

444 2028 569 2102 Longius
591 2030 688 2103 prisca
709 2029 821 2088 tretrici
843 2027 942 2104 iugata

532 2114 666 2175 Criminis
691 2114 756 2176 oba.

444 2236 551 2295 Mentis
574 2241 605 2293 ut
627 2233 745 2294 frondes
766 2235 915 2307 Zephyrus
938 2234 1062 2292 virentes

445 2322 527 2380 Veris
548 2336 664 2380 accessu
687 2320 798 2379 revehit
819 2325 949 2392 tepentes

446 2406 503 2466 Seu
524 2408 603 2465 velut
624 2407 710 2465 tellus
731 2404 886 2479 liquefacta
906 2404 993 2462 sulcis

534 2492 632 2566 Gignit
653 2492 779 2564 orexim3

445 2612 583 2671 Mollibus
602 2613 645 2671 sic
666 2630 718 2671 nos
740 2611 892 2672 moderans
914 2610 1033 2669 habenis

445 2698 585 2773 Suggerat
603 2700 678 2757 vires
701 2698 771 2757 vitio
793 2702 933 2767 carentes,

448 2784 544 2843 Dedat
566 2791 595 2842 et
615 2783 699 2842 fletus
721 2783 823 2841 nimios
845 2782 944 2841 ocellis

530 2870 655 2942 Spiritus
677 2868 777 2927 alnum.

448 2989 510 3047 Hoc
531 2989 685 3062 Augustini
707 2987 803 3047 studui
827 2988 967 3062 volumen,

447 3076 522 3134 Dum
545 3073 626 3132 rudis
644 3089 761 3132 normae
782 3074 906 3131 modulis
929 3071 1057 3142 docerer,

450 3159 523 3218 Ilum
545 3161 594 3233 pia
616 3158 721 3218 fratres
742 3158 907 3218 Aderaldus
927 3156 1017 3215 abbas

535 3246 611 3319 Lege
634 3244 760 3319 regebat.

450 3367 493 3422 Ac
516 3370 605 3439 regat,
628 3365 727 3442 glisco,
752 3364 903 3423 diuturnus
926 3380 1006 3439 aevo,

450 3450 500 3511 Bis
522 3450 595 3511 mori
613 3466 666 3523 pro
688 3467 745 3526 quo
767 3456 883 3521 paterer
904 3448 1038 3521 libcntcr,

451 3536 481 3596 Si
503 3537 549 3594 vel
571 3536 700 3594 undenos
722 3535 777 3593 sibi
800 3535 872 3593 lucis
894 3540 994 3593 auctor

534 3621 664 3680 Adderet
687 3638 786 3681 annos.

452 3741 504 3801 Cui
527 3741 605 3799 Deus
627 3740 715 3799 tidunr
738 3741 852 3799 socians
874 3741 1028 3817 alumnum,

451 3830 539 3900 Quem
561 3827 609 3900 pie
632 3824 700 3883 forti
723 3825 870 3898 conjunxit
892 3821 958 3904 [sic]
981 3826 1116 3898 priorem,

452 3912 604 3986 Corrigens
626 3928 727 3986 segnes
750 3913 858 3983 pietate
880 3912 958 3972 mitis

537 3998 692 4070 Temperat
714 4013 822 4060 onmes.

452 4117 550 4191 Qualis
573 4133 693 4177 aurorae
716 4117 838 4176 rutilans
860 4116 897 4174 ab
919 4122 985 4174 ortu

453 4203 584 4263 Phoebus
606 4202 727 4260 albescit
750 4202 831 4261 radio
853 4202 979 4273 micanti,

455 4289 554 4349 Noctis
576 4289 691 4347 incusas
713 4288 860 4361 speciosus
882 4288 944 4346 alas

541 4374 686 4448 Rumpere
708 4379 806 4447 curat;
