2918 4868
624 265 836 329 -63..

139 442 170 501 3.
194 439 277 498 Haeo
299 443 345 497 est
367 438 473 512 absque
494 439 560 498 labe
581 440 674 513 spina,
760 442 788 503 5.
811 439 892 499 Haec
914 448 958 499 ost
979 441 1077 500 alvear
1100 441 1234 517 dulcoris,

196 525 278 584 Haeo
300 529 345 582 est
367 525 451 583 stella
469 526 616 596 matutina,
812 525 892 584 Haec
915 533 958 585 est
981 525 1069 585 iacies
1093 527 1214 604 decoris,

195 610 278 669 Haeo
300 615 344 668 est
365 610 472 684 gloriae
494 611 612 680 cortina,
815 612 931 669 Pomum
953 613 1088 685 stupendi
1111 613 1217 684 odoris,

197 696 301 757 Sobria
324 695 479 769 propinans
502 696 576 768 vina,
812 699 972 757 Descensus
995 698 1119 755 vernalis
1141 698 1224 768 roris,

236 783 315 854 Quae
337 786 467 855 pungunt
487 782 660 855 mentaliter,
853 783 962 855 algens
985 783 1159 854 miraciliter,

240 867 384 939 Soporant
406 864 538 928 feliciter.
854 867 1028 926 Humectans
1052 867 1196 927 fertiliter.

142 990 174 1048 4.
199 986 281 1045 Haeo
303 993 348 1044 est
368 995 460 1046 mater
478 986 647 1064 salvatoris,
759 988 789 1048 6.
812 985 855 1046 Ob
879 987 933 1045 hoc
955 992 1039 1059 pater
1061 988 1213 1059 exaltetur,

196 1072 278 1131 Haeo
300 1079 345 1130 est
364 1079 456 1130 mater
474 1073 620 1145 genitoris,
812 1071 856 1131 Ob
880 1072 1029 1130 hostilius
1051 1072 1193 1146 laudetur,

197 1159 277 1217 Haeo
299 1163 343 1214 est
365 1157 505 1216 thalamus
527 1158 656 1235 purioris,
813 1157 856 1216 Ob
879 1159 933 1216 hoo
955 1173 1078 1230 pneuma
1099 1158 1248 1215 invocetur

197 1244 278 1302 Haeo
299 1250 344 1300 est
366 1242 495 1300 olibanus
517 1244 631 1315 amoris,

239 1328 279 1386 Et
301 1328 408 1386 ardens
431 1328 593 1387 virtualiter

238 1414 279 1472 Et
300 1413 456 1471 incendens
478 1414 641 1476 salubriter.
857 1415 953 1488 Atque
974 1415 1155 1473 unanimiter.

210 1529 274 1581 Cod.
293 1531 429 1581 Matriton.
447 1531 495 1581 Bb.
515 1528 572 1582 150.
590 1547 657 1583 soos.
679 1528 718 1583 14.

575 1765 616 1822 tt.
645 1764 685 1821 llo
703 1766 731 1823 Β.
750 1766 842 1822 llario
859 1766 892 1824 V.

393 1912 422 1970 l.
446 1909 469 1969 0
489 1909 576 1967 maris
597 1915 706 1981 portus,
730 1911 779 1982 pia
801 1911 889 1983 virgo,
913 1917 1004 1968 mater

445 1994 539 2066 Alma,
564 1996 704 2052 coelorum
728 1996 784 2071 via,
808 1996 856 2053 lux
879 2008 908 2056 et
929 2004 1048 2071 astrum,

445 2081 469 2140 0
492 2080 546 2139 Dei
569 2080 678 2140 Christi
700 2081 822 2153 genitrix
845 2081 939 2150 Maria

487 2165 626 2239 Diraque,
649 2165 737 2227 salve.

393 2303 423 2359 2.
445 2299 523 2357 Ecce
544 2316 595 2358 uos
617 2314 717 2373 aegros
739 2299 845 2357 misero
866 2302 995 2372 parente,

447 2387 522 2458 Quos
545 2385 595 2444 diu
616 2386 706 2444 traxit
727 2386 773 2443 lue
796 2391 853 2442 tam
876 2389 1049 2457 peremptos,

449 2469 592 2529 Germinis
615 2478 684 2529 nutu
708 2468 779 2529 iacis
801 2472 938 2530 advenire

494 2555 607 2615 Gaudia
628 2557 730 2630 prima.

396 2693 426 2754 3.
449 2692 517 2765 Quis
542 2693 627 2751 datur
649 2693 722 2751 coeli
744 2693 901 2765 soliumque
923 2699 1016 2767 porta,

449 2777 577 2837 Flebiles
600 2779 708 2838 intrant
729 2779 825 2836 aditus
849 2777 955 2849 beatos,

449 2863 599 2936 Supplices
623 2865 732 2936 palmas
755 2863 885 2922 manibus
908 2869 1036 2922 tenentes

492 2949 534 3008 To
557 2949 629 3008 duce
651 2950 787 3022 psallunt.

395 3088 424 3144 4.
447 3085 489 3142 Te
510 3094 593 3144 vocat
614 3085 721 3142 clamor
742 3085 841 3157 populi
860 3085 978 3155 ruentia,

445 3171 550 3246 Mater,
573 3187 590 3228 o
612 3171 724 3243 pandas
745 3170 856 3227 miseris
879 3172 999 3243 asylum,

446 3255 555 3327 Dulcis,
577 3262 610 3313 ut
631 3255 746 3314 tandem
770 3261 888 3328 pateant
910 3255 1018 3312 eisdem

488 3340 599 3399 Abdita
619 3357 711 3404 saera.

395 3481 424 3538 5.
447 3479 505 3536 Pro
526 3479 584 3536 reis
604 3495 655 3537 ora
676 3480 812 3552 genitum,
836 3493 997 3555 precamur,

448 3563 509 3622 Noe
533 3561 598 3622 iove
621 3571 649 3622 et
674 3581 768 3635 serva,
792 3565 984 3638 populumque
1000 3565 1117 3636 olerum,

449 3648 590 3708 Carminis
612 3650 686 3708 vatis
708 3651 873 3725 sociumque
894 3658 961 3710 vota

489 3733 617 3812 Suscipe,
641 3736 731 3808 virgo.

394 3873 423 3933 6.
447 3869 585 3940 Gloriam,
609 3871 694 3948 cives,
718 3871 839 3930 Domino
862 3887 1005 3943 sanamus,

446 3956 605 4028 Pneomati,
629 3957 705 4029 patri
728 3958 892 4030 pariterque
914 3962 1009 4029 gnato,

449 4042 504 4112 Qui
526 4042 606 4114 polos
629 4042 707 4100 orbis
730 4043 804 4118 regit
825 4049 854 4099 et
876 4043 1015 4116 gubernat

488 4127 593 4185 Triuus
616 4132 644 4184 et
666 4144 747 4187 unus.

210 4247 304 4296 Aurea
315 4242 455 4308 Expositio
474 4243 628 4309 hymnorum
647 4261 699 4294 nna
712 4261 770 4295 cum
783 4250 856 4294 textu
869 4248 973 4295 noviter
986 4247 1124 4297 ernendata
1137 4263 1182 4311 per
1193 4247 1322 4295 laconum

136 4316 232 4367 Alors.
267 4313 445 4363 salmanticae
465 4310 536 4362 1501.
555 4341 587 4349 ·-
602 4314 713 4375 „Jacobi
726 4314 805 4363 Alora
823 4313 856 4363 ad
874 4314 963 4363 divam
981 4318 1133 4379 genitricem
1149 4315 1198 4364 Dei
1212 4315 1322 4363 Mariam

140 4385 271 4450 hymnus,
292 4381 408 4431 carmine
425 4381 552 4447 sapphico
572 4381 773 4447 endecasyllabo
792 4382 940 4448 adonioquo
958 4386 1126 4451 compositus,
1146 4381 1294 4452 incipitur.“
