2918 4868
639 273 870 338 -228-

433 450 462 508 6.
487 449 625 507 Pertonat
648 448 715 506 hinc
737 448 859 507 reboans
879 448 1010 526 jubilum,

486 532 571 593 Plebs
593 549 728 607 superum
749 535 913 593 venerando
936 535 1026 593 Deum

486 618 611 677 Fumida
633 636 755 692 namque
778 619 879 678 cohors
902 619 997 678 zabuli

488 704 603 762 Territa
624 704 756 778 pulsibus
778 704 915 779 angelicis

487 788 613 848 Necihus
635 796 680 848 est
702 791 770 850 data
792 790 935 852 tartareis.

437 959 465 1018 7.
488 959 579 1033 Euge,
599 965 701 1032 potens
722 961 849 1020 Michael
871 960 963 1036 hagie,

486 1045 609 1117 Agmine
631 1045 772 1104 candidus
794 1046 933 1119 angelico,

488 1130 590 1189 Sidere
612 1131 760 1204 pulchrior
780 1131 922 1205 ignicomo

488 1215 602 1275 Clarior
624 1222 653 1274 et
674 1217 811 1275 rutilante
835 1217 911 1289 polo,

491 1302 618 1361 Aethere
640 1302 745 1360 celsior
765 1302 917 1375 astrigero.

437 1473 468 1533 8.
491 1471 664 1531 Coelicolum
687 1471 762 1530 bene
785 1472 843 1530 dux
866 1486 1018 1546 procerum

489 1556 690 1631 Eximiumque
713 1557 800 1616 decus
822 1557 975 1628 homiuum,

491 1642 656 1702 Restituens
677 1642 787 1702 animas
810 1644 921 1717 superis

489 1728 616 1801 Laniger
636 1727 751 1787 arcibus
772 1728 914 1788 aethereis

491 1812 608 1872 Civibus
630 1814 706 1872 inter
727 1819 756 1872 et
778 1829 841 1872 esse
862 1815 929 1887 piis.

439 1986 469 2044 9.
493 1982 603 2043 Ultima
625 1999 746 2056 namque
769 1983 830 2042 diss
854 1984 969 2043 veniens

491 2067 753 2142 Flammivomoque
775 2067 890 2142 fragore
913 2068 1022 2140 furens,

494 2153 564 2212 Cum
588 2160 696 2214 tremor
717 2154 853 2213 horridus
875 2155 1025 2229 ingruerit,

493 2239 637 2298 Judicimn
660 2239 774 2299 miseris
796 2240 932 2299 minitans

493 2325 533 2384 Et
554 2341 604 2385 rea
623 2331 742 2400 pectora
764 2324 935 2387 terrificans.

421 2496 470 2558 10.
494 2496 606 2554 Primus
629 2496 762 2556 adhaec
783 2497 909 2556 Michael
932 2497 1046 2565 renitet,

492 2581 580 2654 CuJus
603 2581 710 2640 abhinc
731 2581 802 2640 tuba
824 2583 907 2641 triste
929 2587 1020 2658 canet,

491 2668 571 2725 Arva
593 2667 745 2740 polumque
766 2667 856 2726 boans
876 2666 994 2740 quatiet,

495 2752 535 2809 Et
556 2752 675 2811 tumulis
699 2752 809 2811 moeres
831 2753 935 2812 salient

491 2837 659 2910 &nemque
681 2843 789 2897 somata
812 2837 978 2898 vivefiant.

421 3006 472 3066 11.·
493 3008 556 3066 Rex
579 3006 657 3065 Deus
679 3006 789 3066 arbiter
809 3007 953 3084 adveniet,

495 3092 635 3166 Stigmata
656 3108 761 3151 carnea
783 3097 850 3151 tunc
872 3092 989 3166 referet,

494 3178 639 3237 Aethereo
662 3177 816 3236 comitante
836 3177 924 3238 choro

493 3263 602 3323 Ordine
620 3269 718 3337 septus
741 3268 770 3320 et
791 3264 920 3337 angelico

494 3348 669 3422 splendidus
691 3353 720 3407 et
740 3363 827 3422 grege
850 3349 887 3409 de
908 3350 1000 3410 niveo.

424 3519 474 3579 12.
498 3517 650 3577 Terribihs
675 3534 787 3592 quoque
805 3518 916 3591 jndicio

495 3603 645 3663 Fulmineo
666 3610 822 3676 praeeunte
845 3604 938 3680 globo,

496 3689 619 3748 Tartara
641 3705 727 3748 saeve
749 3695 834 3763 parat
855 3689 986 3763 reprobis

496 3773 572 3833 Hinc
592 3782 621 3831 ct
641 3790 760 3833 amoena
781 3775 891 3835 virecta
913 3775 1022 3850 probis,

495 3858 599 3919 Dulcia
619 3860 767 3933 plausibus
789 3860 999 3935 hymniphou'a.

424 4031 471 4091 13.
495 4030 636 4104 Tempore
658 4047 713 4104 quo
735 4031 800 4104 pius
822 4031 954 4089 intuitum

495 4115 603 4193 Dirige,
628 4117 780 4189 poscimus,
800 4116 968 4189 angelicum,

499 4200 626 4276 Belliger
647 4219 665 4262 o
688 4202 822 4269 Michael,
847 4200 961 4260 famulis

497 4285 673 4346 Subvenieus
695 4288 858 4346 miserando
881 4287 946 4360 tuis,

497 4371 624 4432 Sidereis
647 4372 809 4447 reparando
827 4372 919 4432 bonis.
