2918 4868
616 269 848 336 ..3οηΙ

565 471 587 526 7.
624 471 662 528 lle
681 471 792 529 Nomine
810 473 885 530 leon.

639 610 682 665 Ad
700 611 814 666 Laudes.

337 753 364 813 1.
387 755 483 821 lesus,
506 754 616 812 aeterni
638 752 750 812 soboles
774 756 912 826 parentis,

383 839 477 909 lesus,
500 838 614 897 humani
637 840 750 912 generis
773 841 946 913 redemptor,

384 924 444 982 Nos
466 940 517 981 sno
539 940 652 997 semper
673 925 729 984 sibi
752 925 899 984 dedicatos

425 1009 548 1067 Nomine
569 1017 672 1074 servet.

334 1171 363 1228 2.
387 1169 497 1227 Nomen
521 1169 574 1227 hoo
595 1170 703 1243 ingens,
727 1169 832 1228 hilarat
854 1170 929 1242 quod
952 1185 1060 1237 omnes,

383 1254 513 1334 Omnium
536 1261 645 1313 mentes
668 1253 775 1313 laciens
798 1255 906 1327 beatos,

383 1340 524 1412 Quotquot
546 1357 564 1398 a
586 1341 678 1412 primo
699 1356 828 1399 mernere
849 1341 937 1399 vitam

425 1424 549 1484 Cardine
572 1426 680 1487 mundi.

333 1581 363 1643 3.
384 1578 466 1650 Quod
489 1580 603 1651 quidem
625 1581 719 1637 nullus
741 1581 833 1652 potuit
855 1580 978 1638 virorum

383 1665 507 1737 Asseqni
528 1665 620 1737 plene,
645 1666 739 1737 potuit
761 1682 813 1724 nee
835 1666 910 1723 ullus

384 1750 521 1823 Angelus,
545 1767 712 1823 quamquam
736 1751 885 1825 Seraphim
908 1751 1066 1809 adhaerent

426 1836 561 1894 Proxime
583 1837 706 1900 Christo.

332 1993 362 2050 4.
383 1989 468 2047 Hune
490 1990 642 2047 odoremus
664 1990 750 2047 latria
772 1997 926 2062 potentem,

384 2075 506 2132 Vertiois
527 2081 597 2133 nutu
619 2075 711 2148 quatit
733 2076 779 2133 hic
801 2077 962 2152 Olympum,

383 2159 415 2218 Si
436 2160 505 2233 quid
527 2169 575 2218 ant
598 2161 674 2219 ultra
693 2161 779 2220 latria
801 2162 927 2220 valemus

426 2246 560 2305 Reddere
582 2247 682 2318 majus.

332 2404 361 2462 5.
385 2400 429 2458 Sit
450 2400 527 2472 patri
549 2416 657 2457 summo
680 2399 766 2457 decus
789 2405 816 2456 et
838 2401 972 2471 perennis

383 2485 492 2544 Laudis
514 2486 668 2543 immensae
688 2485 825 2552 cumulus,
848 2485 887 2541 sit
907 2502 964 2543 nne

381 2569 466 2649 Filio,
491 2588 554 2628 oum
576 2571 639 2642 quis
661 2571 771 2642 pariter
791 2570 903 2628 colatur

424 2656 548 2728 Spiritus
570 2655 669 2713 almus.

205 2772 280 2820 Brov.
299 2772 360 2822 Ord.
379 2774 405 2822 S.
424 2774 524 2823 Mariae
542 2773 575 2823 do
590 2773 711 2823 Mercede
729 2775 791 2837 imp.
810 2773 931 2837 Lugduni
953 2772 1025 2824 1560.

562 3043 588 3099 8.
624 3041 662 3098 lle
680 3038 791 3097 nomine
809 3041 884 3097 lesu.

587 3181 617 3233 ln
635 3179 715 3247 Vesp.
736 3185 763 3232 et
776 3178 861 3232 Laud.

137 3319 510 3380 rossemannum
750 3324 778 3380 3.
803 3321 826 3379 0
850 3320 952 3377 mentis
974 3318 1136 3394 oblectatio,

188 3406 228 3463 Et
250 3405 376 3464 balsamo
400 3406 524 3478 suavior,
801 3405 918 3463 Amoris
940 3421 957 3461 o
979 3403 1128 3476 perfectio,

187 3492 270 3551 Omni
293 3508 395 3564 sapore
419 3492 538 3562 dulcior,
802 3494 846 3551 Tn
869 3497 967 3549 nostra
989 3490 1130 3564 gloriatio,

188 3576 313 3636 Duloore
335 3584 364 3634 et
385 3578 461 3635 omni
483 3578 601 3650 gratior.
802 3577 904 3635 Mundi
927 3576 1013 3647 selus,
1037 3592 1103 3647 spes
1124 3576 1216 3636 unica.

136 3699 164 3756 2.
187 3697 279 3754 Amor
297 3704 362 3754 tuus
384 3714 435 3755 nos
457 3696 558 3773 afficit,
749 3700 779 3760 4.
802 3699 983 3767 Quocunque,
1006 3695 1085 3767 lesu,
1109 3696 1236 3771 duxeris,

188 3782 267 3842 Odor
287 3789 351 3840 tuns
373 3800 423 3841 nos
444 3789 564 3859 recreat,
803 3781 927 3842 Oaleobo
949 3787 1061 3839 sectans
1083 3797 1197 3853 aspera,

189 3867 305 3925 Nullum
328 3869 473 3926 timentem
496 3868 605 3926 deseris
802 3869 848 3927 Tu
870 3867 927 3925 dux
950 3866 987 3924 ad
1010 3874 1090 3924 astro
1112 3875 1140 3922 et
1161 3867 1271 3928 semita.

189 3953 328 4025 Omnique
347 3954 455 4012 amanti
477 3952 594 4016 sufficis.
804 3953 849 4011 Sis
872 3957 947 4010 meta
969 3952 1075 4009 nostris
1098 3952 1241 4010 cordibus,

538 4061 566 4118 5.
588 4055 667 4129 lesu,
691 4056 744 4113 tibi
767 4056 805 4113 sit
827 4055 927 4128 gloria.

205 4173 313 4238 Antiph.
337 4189 384 4223 ms.
410 4176 549 4240 Angustin.
575 4188 642 4223 saec.
668 4172 705 4223 16.
725 4174 786 4223 Cod.
806 4173 953 4222 Praedium⁶
975 4172 1160 4222 Salmantieem
1187 4189 1207 4221 s.
1232 4190 1257 4222 n.
1278 4199 1311 4210 -

140 4243 177 4292 Es
205 4242 317 4291 breueht
339 4243 408 4292 wohl
433 4243 506 4293 nicht
528 4242 649 4293 bemerkt
670 4259 703 4292 zu
726 4242 841 4299 werden,
866 4241 924 4290 dass
946 4241 1033 4290 dieser
1055 4241 1107 4289 und
1130 4240 1176 4290 der
1194 4242 1313 4306 folgende

137 4312 258 4375 Hymnus
286 4310 372 4360 nioltts
400 4311 439 4360 als
462 4315 520 4362 eine
543 4311 713 4377 Pliindorung
734 4310 787 4360 und
810 4311 981 4373 Entstellung
1005 4309 1050 4358 des
1077 4309 1226 4360 bekannten
1247 4312 1313 4362 deso

140 4379 224 4430 duleis
242 4382 367 4430 memoria
385 4380 453 4430 sind.
