2918 4868
664 244 874 311 ,38-

175 423 210 484 V.
241 421 327 494 Ecce,
351 420 495 481 Christum
519 420 686 481 confitentes
791 423 827 481 V.
855 422 934 481 Coeli
956 423 1050 497 aperti
1072 429 1229 482 cernuntur
1335 411 1357 440 ⁶

280 510 390 568 Milites
411 507 520 566 strenui

239 596 323 655 Stant
345 599 374 652 et
392 592 479 652 fidem
501 598 694 666 protestantes

279 680 396 738 Alumni
420 678 578 741 fortissimi.

185 855 215 918 2.
238 852 391 912 Immolant
411 851 497 911 idolis
519 867 622 925 agnum

280 935 416 997 lntideles
438 936 553 1013 milites,

897 507 944 566 Ab
966 509 1010 567 his
1034 525 1134 567 novem
1156 509 1282 588 milibus,

854 592 969 666 Septem
992 594 1086 669 angeli
1109 594 1270 673 mittuntur,

897 679 1044 741 Docentur
1066 680 1213 744 divinitus.

802 837 830 894 2.
854 833 931 893 Novi
953 834 1040 894 duces
1063 834 1262 896 confortantur

894 919 942 978 Ah
964 920 1009 980 his
1031 921 1138 980 sanctis
1160 923 1279 996 angelis,

237 1024 295 1083 Sed
319 1031 459 1081 terrorem
481 1021 588 1082 habent
603 1037 735 1095 magnum
851 1006 1044 1079 lusimussillr,
1067 1007 1240 1066 issss0ll⁸¹¹i⁰r

282 1110 374 1183 Reges
396 1109 438 1166 illi
462 1108 566 1167 divites

237 1195 393 1268 Fugientes
413 1210 497 1267 quam
520 1190 669 1266 profanum

279 1278 450 1338 Deferentes
473 1279 599 1339 comites.

173 1368 207 1429 V.
238 1366 282 1424 De
304 1365 449 1438 triumpho
472 1364 657 1438 desperantes

277 1451 341 1509 Non
361 1451 498 1523 jnvantur
519 1449 645 1520 victima,

236 1536 347 1594 Tristes
370 1533 451 1610 fugat
471 1535 645 1610 imperantes

279 1621 418 1680 Formido
440 1621 599 1684 celerrima.

296 1846 336 1903 ln
357 1847 387 1908 2.
411 1844 615 1906 Nocturno.

365 1997 542 2064 Antiphonue.

185 2139 213 2198 1.
236 2138 363 2212 Angelus
384 2137 422 2198 ah
444 2139 485 2197 eis
508 2138 585 2198 visus

280 2223 328 2282 Sic
350 2240 398 2282 eos
420 2224 592 2297 alloquitur:

237 2309 298 2382 Ego
322 2327 383 2367 sum
407 2309 444 2368 de
466 2309 546 2367 coelo
564 2309 677 2380 missus,

279 2394 409 2455 Christus
431 2394 600 2453 adorabitur

235 2482 262 2538 A
286 2480 367 2540 vobis
389 2481 414 2538 si
437 2479 598 2548 crucifixus,

284 2566 324 2624 Et
345 2565 506 2639 triumphus
528 2565 653 2628 dabitur.

184 2745 213 2801 2.
237 2741 326 2811 Quem
350 2739 480 2797 videntes
502 2739 682 2798 admirantur

280 2827 402 2897 Propter
424 2824 675 2897 pulchritudinem,

236 2910 381 2969 Gadareni
405 2915 576 2983 superantur

282 2997 339 3054 Per
360 2995 460 3053 mortis
483 2995 655 3068 vomginem.

183 3171 211 3231 3.
234 3167 460 3228 Gadarenissio
482 3167 602 3225 devietis

277 3254 324 3312 hb
347 3254 410 3311 istis
431 3252 566 3311 fidelihus

235 3341 363 3412 Angelus
385 3355 528 3412 apparens
550 3339 627 3396 mitis

277 3426 417 3497 Loquitur
438 3423 589 3482 militibus:

235 3510 365 3569 insudate
389 3510 524 3568 victorem
547 3510 606 3567 litis

277 3595 383 3655 Gaudii
406 3613 469 3654 oum
492 3595 617 3659 vocibus.

358 3784 544 3848 Responscria.

183 3924 211 3982 1.
236 3919 305 3978 Post
328 3921 475 3981 victoriam
496 3923 533 3981 ad
557 3925 667 3982 culmen

276 4006 376 4081 Magni
397 4009 502 4066 montis
525 4011 643 4082 angelus

235 4092 337 4151 Ductis
357 4095 399 4151 eis
422 4092 517 4153 ferens
539 4096 633 4154 lumen

276 4177 401 4252 Fulgens
422 4182 451 4240 in
474 4182 658 4256 coelestibus3

233 4265 257 4323 0
280 4263 367 4340 beati,
390 4268 492 4339 quibus
514 4285 617 4327 numen

275 4350 447 4424 Adspicitur
466 4353 595 4414 coelitus.

893 1091 1040 1151 Doctrinis
1061 1093 1208 1166 angelicis,

851 1175 946 1236 Multa
968 1177 1010 1234 eis
1031 1178 1199 1237 nuntiantur

894 1260 938 1319 Ile
960 1263 1019 1321 suis
1041 1262 1200 1336 suppliciis.

787 1345 823 1408 V.
850 1345 983 1407 Gaudent
1004 1348 1110 1406 milites
1132 1349 1265 1407 instructi

893 1432 997 1491 Verbis
1019 1435 1201 1510 evangelicis,

850 1516 925 1577 Fide
947 1518 1054 1578 Christi
1077 1525 1143 1578 sunt
1164 1518 1266 1577 imbuti

894 1604 934 1661 Et
956 1603 1041 1663 dietis
1064 1605 1250 1678 propheticis.

909 1809 952 1866 In
977 1812 1006 1870 3.
1031 1809 1228 1868 Nocturna.

977 1944 1151 2009 Antiphonem

800 2065 825 2123 1.
848 2065 976 2137 Cumque
998 2081 1079 2140 reges
1101 2065 1220 2125 adunati

892 2150 946 2208 His
968 2151 1075 2210 auditis
1096 2151 1204 2209 nuntiis

848 2234 983 2296 lnfideles
1005 2242 1071 2294 suot
1092 2238 1187 2309 parati

892 2320 1010 2380 Duobus
1031 2322 1161 2394 patriciis

851 2407 956 2466 Castra
976 2413 1092 2465 movent
1113 2404 1280 2465 inflammati

890 2491 980 2550 Minis
1002 2498 1030 2550 et
1050 2492 1210 2566 snpphciis.

796 2648 825 2704 2.
849 2645 904 2703 His
926 2646 1033 2704 auditis
1055 2652 1170 2705 sanctos
1193 2646 1247 2704 Dei

892 2731 1037 2790 Convocat
1058 2731 1213 2793 Aebutius:

850 2816 974 2890 Surgite‚
998 2833 1014 2875 o
1038 2815 1143 2875 fratres
1166 2819 1231 2889 mei,

890 2904 1010 2962 Oremus
1032 2902 1178 2971 attentius,

855 2987 961 3045 Omnes
983 2988 1059 3046 enirn
1081 3005 1177 3046 sumus
1199 2988 1251 3059 rei,

889 3072 967 3131 Deus
989 3079 1034 3130 est
1052 3073 1203 3147 propitius.

795 3229 824 3288 3.
850 3227 911 3284 Vox
934 3227 971 3285 de
992 3227 1079 3285 coelis
1100 3227 1224 3287 intonuit

892 3313 946 3370 llis
967 3312 1074 3372 sanctis
1097 3312 1254 3385 orantibus,

847 3401 924 3472 Quos
946 3414 1002 3456 non
1026 3414 1131 3471 parere
1155 3399 1264 3458 monuit

893 3483 1035 3542 Nocentes
1058 3483 1240 3556 corporibus:

849 3570 908 3626 Ero
930 3568 1085 3641 vobiscum,
1110 3570 1216 3639 docuit,

893 3655 1003 3713 Vestris
1025 3655 1055 3711 in
1078 3652 1267 3713 conflictibus.

975 3806 1161 3871 Responsoria

797 3931 825 3990 1.
849 3929 881 3986 ln
905 3926 962 3986 fide
985 3927 1093 3986 Christi
1115 3929 1220 3987 eruditi

891 4013 988 4072 Sancti
1010 4013 1156 4072 laetantur
1178 4014 1306 4090 nimium,

850 4100 965 4159 Coelurn
984 4098 1044 4169 jam
1066 4105 1167 4173 petunt
1190 4100 1294 4174 augeli,

888 4185 1024 4257 Magnum
1047 4184 1189 4243 resultant
1203 4186 1348 4259 gaudium,

848 4270 905 4331 Sed
927 4267 1058 4327 infideles
1080 4271 1180 4342 populi

888 4355 948 4414 Eos
969 4360 1073 4416 vacant
1094 4356 1132 4413 ad
1155 4356 1307 4429 proelium.
