2918 4868
640 210 850 276 ,gg-

477 415 526 472 121.
561 415 591 472 ln
612 411 797 473 conversione
816 429 838 469 s.
856 411 1016 485 Augustini.

658 570 701 625 Ad
719 569 833 625 Laudes.

163 734 190 794 1.
213 733 292 792 Coeli
315 733 394 791 sidus
416 730 549 802 amabile,

215 818 358 876 Virtutum
383 817 561 887 viridarium,

214 904 258 962 Tu
280 904 323 962 sol
344 904 404 962 sole
426 903 576 961 micantior

215 989 254 1046 Et
275 990 323 1047 lux
347 990 409 1047 luce
431 989 576 1047 nitentior.

777 732 805 788 4.
829 729 853 789 0
877 729 983 804 lingua,
1005 746 1023 787 o
1046 730 1171 788 calamus
1194 729 1259 800 Dei,

830 814 945 872 Nostris
966 814 1100 887 imprime
1122 814 1266 891 cordibus,

831 900 932 970 Index,
957 901 986 958 in
1009 901 1115 959 tabulis
1136 901 1193 959 tuis

831 985 974 1059 Quidquid
997 986 1116 1057 spiritus
1137 993 1245 1046 exarat.

779 1128 808 1184 5.
833 1123 923 1182 Natos
944 1124 1057 1181 mannia
1078 1123 1198 1197 virginis

832 1208 955 1267 lactent
975 1208 1066 1267 ubera
1086 1209 1228 1280 Marsicae,

832 1293 872 1352 Et
894 1294 1003 1355 Christi
1025 1295 1137 1352 aemula
1159 1292 1233 1352 filios

834 1380 928 1439 Patris
950 1381 1069 1439 vumera
1088 1380 1225 1442 nutriant.

167 1129 196 1186 2.
220 1125 264 1185 Tu
285 1126 357 1199 legis
379 1126 511 1185 Salomon
535 1140 634 1193 novae,

217 1213 306 1271 Vivaa
329 1210 392 1269 ions
415 1211 582 1284 sapientiae,

217 1296 347 1358 Prodens
369 1297 435 1369 pius
455 1295 523 1355 fidei
543 1296 652 1367 unicus,

217 1383 315 1444 Omnis
337 1399 420 1455 quam
443 1389 527 1441 nocet
549 1381 683 1440 haeresis.

783 1520 810 1577 6.
835 1517 911 1575 Laus
934 1522 963 1574 et
984 1516 1076 1590 gloria
1096 1517 1205 1575 numiui

832 1601 922 1661 Triuo
943 1618 1057 1675 semper
1079 1608 1108 1660 et
1129 1603 1222 1674 unico,

834 1688 917 1759 Quod
940 1705 1057 1762 regnum
1076 1704 1164 1762 super
1185 1689 1283 1747 omnia

834 1774 1014 1832 lmnrutabile
1037 1775 1175 1847 possidet.

165 1523 194 1582 3.
218 1520 262 1578 Tu
285 1521 360 1578 vitae
383 1520 453 1577 colis
474 1519 616 1590 arborem,

218 1606 297 1677 Quae
318 1603 375 1663 fert
396 1621 482 1678 poma
503 1605 648 1676 scientiae,

220 1690 327 1749 Christi
348 1691 485 1764 sanguiue
508 1690 644 1748 consitam

220 1776 263 1834 Tu
286 1776 438 1834 sudoribus
461 1776 573 1849 irrigas,

236 1895 345 1959 Antiplu.
363 1910 410 1942 mo.
432 1894 572 1958 Augustini.
591 1908 659 1942 saec.
681 1889 720 1941 16.
739 1892 801 1941 (iod.
820 1891 978 1941 Praedieatt.
997 1892 1184 1942 Salmanticen.
1203 1909 1224 1940 s.
1243 1909 1268 1941 n.

556 2145 609 2201 122.
646 2145 683 2200 lla
701 2147 799 2201 sancta
817 2143 954 2200 Barbara.

655 2301 697 2356 Ad
715 2302 856 2370 Vesperaa

171 2468 199 2523 1.
223 2463 321 2523 Laude
343 2461 455 2522 infinita
785 2466 813 2524 3.
837 2462 917 2520 Diris
939 2461 968 2518 in
991 2461 1143 2519 tormentis

224 2548 354 2607 Barbara
376 2549 520 2622 landetur,
839 2547 921 2607 Sistit
942 2547 1070 2606 cruciata

224 2634 311 2706 Virgo
334 2640 362 2690 et
384 2635 471 2692 levita
837 2633 877 2690 Et
898 2651 915 2690 a
936 2632 1114 2692 vestimentis

225 2721 281 2778 Per
302 2736 353 2777 uos
377 2719 539 2788 honoretur,
837 2718 911 2777 Tota
933 2718 1087 2794 denudata,

225 2807 257 2863 ln
282 2804 396 2863 coelesti
420 2805 476 2862 sita
841 2804 899 2862 Sed
921 2812 965 2861 est
988 2802 1163 2862 documentis

225 2889 325 2947 Gloria
347 2889 480 2961 lactetur,
840 2887 947 2947 Christi
969 2888 1123 2948 informata

226 2975 323 3032 Beatis
345 2975 426 3032 nnita
838 2975 878 3032 Et
899 2975 1113 3033 medicamentis

225 3061 312 3119 Plena
334 3061 505 3132 gratuletur.
839 3060 912 3118 Tota
934 3058 1098 3121 reformata.

173 3200 201 3257 2.
224 3197 300 3256 Fide
320 3197 458 3256 trinitatis
787 3202 816 3259 4.
840 3197 919 3256 Patri
940 3197 969 3255 in
990 3198 1045 3256 hac
1066 3197 1127 3256 uita

225 3282 319 3340 Docta
341 3282 501 3361 domicella,

226 3367 354 3425 Iotidclis
376 3369 467 3441 patris

226 3453 290 3511 Non
314 3459 429 3513 veretur
451 3455 536 3526 belia,

226 3538 307 3597 Haec
329 3537 494 3613 fragilitatis

227 3624 288 3682 Nec
309 3626 408 3685 mundi
430 3626 558 3698 procella

839 3282 939 3341 Gloria
962 3283 1092 3351 donetur,

839 3368 953 3426 Christo
974 3385 1083 3427 summo
1103 3368 1146 3426 ita

841 3454 880 3511 Et.
901 3453 1117 3527 multiplicetur,

841 3540 917 3597 Laus
939 3539 1073 3611 perennis
1096 3555 1187 3612 prona

842 3624 947 3683 Sancto
969 3624 1083 3697 spiritui

227 3709 363 3782 Superari
386 3710 475 3784 gratis
840 3709 935 3769 Corde
954 3716 1124 3783 personetur

229 3794 325 3855 Voluit
344 3796 450 3869 puella.
839 3795 961 3854 Sanctae
983 3796 1117 3857 trinitati.

243 3912 320 3962 Brev.
347 3928 394 3962 ms.
419 3912 661 3978 compostellanum
688 3928 755 3963 saec.
786 3911 825 3962 15.
851 3911 914 3962 coo.
938 3912 1023 3978 Capit.
1048 3912 1256 3977 Compostellani
1281 3928 1302 3962 s.
1327 3928 1351 3960 n.

175 3982 205 4029 Α.
225 4008 257 4016 -
275 3981 352 4030 Brev.
370 3981 525 4046 Urgellcnso
542 3983 608 4050 imp.¹
623 3982 743 4032 Venatiis
764 3979 836 4032 1487.
856 3983 885 4030 B.
903 4010 935 4018 ..,
957 3980 979 4043 l,
1000 3980 1012 4031 l
1030 3981 1135 4032 Gaudet
1152 3981 1254 4031 infanta
1272 3982 1301 4031 B.
1326 4011 1353 4016 -

177 4047 204 4109 1,
223 4047 239 4098 5
258 4065 296 4114 sq.
314 4051 346 4098 In
358 4049 465 4100 coelesti
485 4051 624 4100 sanctitate
642 4051 753 4100 laetetur
771 4051 800 4099 B.
819 4075 853 4084 -
874 4048 899 4111 l,
918 4046 934 4100 8
954 4049 1037 4100 Plena
1056 4051 1084 4100 B.
1103 4076 1136 4085 -
1154 4045 1185 4110 2,
1204 4047 1221 4099 4
1238 4053 1354 4099 vertetur

178 4117 265 4180 proclia
281 4119 309 4167 B.
328 4143 360 4152 -
379 4115 403 4181 2,
422 4115 489 4168 5-8
507 4118 594 4169 sehlen
612 4120 641 4168 B.
661 4148 694 4156 —
711 4115 735 4178 2,
754 4115 770 4168 8
790 4118 882 4168 Voluit
899 4118 965 4168 haec
985 4119 1080 4183 puella.
1103 4149 1133 4155 -
1152 4114 1176 4177 3,
1196 4115 1212 4168 ὃ
1231 4124 1271 4168 est
1288 4117 1354 4167 lehis

176 4188 205 4234 ll.
230 4213 262 4221 -
285 4184 314 4247 3,
339 4182 441 4236 8T0ta
463 4187 596 4237 denudata
614 4189 642 4237 B.
668 4213 701 4222 -
720 4188 770 4237 Str.
794 4185 811 4236 4
836 4186 901 4236 fehlt
919 4187 952 4247 133
978 4186 1055 4236 daidr
1073 4203 1134 4237 rrur:
1160 4188 1202 4236 Sit
1219 4186 1277 4237 laus
1296 4187 1353 4235 Deo

176 4256 256 4318 patri;
282 4257 308 4304 in
331 4257 350 4305 B
372 4256 408 4304 ist
430 4256 477 4306 das
496 4256 561 4306 Licd
580 4256 695 4306 ndmlich
713 4258 741 4305 in
758 4256 910 4319 vienneilige
929 4254 1059 4319 Strophen
1077 4255 1211 4320 abgeteilt.
1232 4283 1261 4289 —
1281 4253 1311 4315 4,
1339 4251 1355 4302 5

175 4321 199 4370 ti'.
219 4323 343 4373 aelreinen
361 4324 419 4374 dom
438 4325 549 4375 Dichter
566 4325 611 4374 die
630 4326 722 4376 Reime
739 4339 927 4390 ausgegaugen
946 4341 978 4373 nu
997 4328 1061 4374 sein.
1118 4317 1123 4322 ’
