2918 4868
611 250 844 315 -208—

142 425 169 482 3.
190 423 277 495 Cujus
301 441 404 498 corpus
428 425 584 482 tumulatur
755 429 784 487 4.
807 425 886 498 Ergo
909 422 1013 482 festum
1036 423 1236 497 celebrantes,

193 510 232 567 Et
253 528 270 567 a
292 511 390 569 multis
411 511 544 569 visitatur
808 511 879 582 EJus
903 510 991 568 melos
1015 509 1218 585 decantantes,

194 596 233 655 Et
255 613 307 668 per
328 596 401 655 illud
424 596 465 653 cis
489 596 574 653 datur
810 597 1008 654 Persolvamus
1030 600 1203 652 venerantes

236 682 319 740 Salus
341 682 371 739 in
393 681 542 740 Gallaecia
852 681 958 740 Dulces
980 681 1080 739 laudes
1103 680 1234 738 Domino

235 767 410 841 Angelorum
434 767 522 826 curia.
851 766 1026 839 Angelorum
1049 766 1138 825 ouria.

214 886 297 934 ctat.
324 882 394 934 lli-‘aa
417 886 465 934 mit
486 886 698 949 aweistimmiger
716 887 870 952 Singweine.
890 909 922 919 -
942 874 1014 935 liber
1032 885 1115 934 llntto
1142 900 1196 932 von
1225 884 1338 948 Troyes

147 954 228 1018 u·ergl.
248 954 319 1002 Hiat.
339 951 418 1003 Liber.
439 953 470 1002 de
492 953 519 1002 la
537 954 636 1003 l⁴⁸rance
655 955 716 1014 xn,
735 951 786 1005 226
804 971 861 1020 sqq.

456 1153 493 1210 ll.
530 1152 663 1226 Magister
681 1154 816 1211 Alhcrtus
834 1151 1010 1210 Parisienais.

143 1280 171 1338 1.
196 1280 401 1353 Congaudcant
423 1279 566 1357 catholici,
755 1285 784 1344 4.
809 1284 870 1351 Qurr
892 1279 1018 1341 lacobus
1041 1279 1151 1352 palatia

194 1365 351 1423 Laetantur·
373 1365 450 1423 cives
474 1367 573 1425 coelici
807 1366 949 1425 Ascendit
968 1365 1006 1424 ad
1030 1364 1176 1435 coelestia,

236 1451 291 1509 bio
313 1451 377 1513 ista.
851 1452 906 1510 bie
928 1451 995 1510 ista.

144 1557 171 1613 2.
197 1553 298 1612 Cleuas
320 1554 449 1625 pulchris
472 1554 646 1612 carminibus
755 1559 784 1615 5.
810 1554 933 1611 Vincens
955 1553 1081 1611 Herodis
1103 1551 1236 1625 gladium

195 1639 316 1696 Studeat
337 1645 423 1712 atque
443 1639 575 1698 cantibus
807 1641 930 1712 Accepit
952 1639 1027 1699 vitae
1050 1637 1179 1696 bravium

238 1724 292 1782 Die
313 1724 378 1787 ista.
850 1724 904 1783 Die
930 1725 995 1785 ista.

143 1829 171 1886 3.
195 1825 274 1883 Haec
297 1832 341 1883 est
364 1825 425 1884 dies
448 1826 610 1898 laudabilis,
756 1831 785 1889 6.
808 1828 886 1901 Ergo
909 1827 1017 1885 carenti
1042 1825 1164 1884 termino

192 1910 297 1969 Divina
320 1911 382 1969 luce
404 1911 518 1983 nobilis,
808 1912 1015 1972 benedicamus
1037 1910 1160 1970 Dourino

236 1996 290 2054 bio
311 1997 376 2059 ista.
849 1999 904 2057 Die
926 1998 990 2057 ista.

263 2082 266 2086 ⁴
500 2102 529 2161 7.
552 2100 658 2173 Magno
681 2100 756 2172 patri
781 2099 904 2159 familias

552 2184 701 2244 Solvamus
723 2185 817 2245 laudis
839 2187 947 2259 gratias

593 2270 648 2329 Die
669 2270 734 2331 ista.

209 2390 229 2435 C
253 2389 297 2437 sol.
320 2386 392 2438 ls5a
415 2390 462 2437 mit
486 2389 689 2454 ‹troistimmiger
707 2389 860 2454 Singwaise.
882 2418 904 2425 -
933 2390 982 2439 Die
1000 2391 1027 2439 in
1045 2389 1092 2440 dar
1110 2387 1259 2439 Ansschril't
1275 2406 1321 2455 gc

145 2463 241 2506 nrnnrte
261 2457 473 2507 l‘ersiinliohheit
490 2458 589 2509 lconnte
607 2456 649 2508 ich
670 2458 745 2508 nicht
763 2458 926 2509 bestimmen.

344 2657 385 2716 15.
421 2656 558 2730 llugisier
575 2657 718 2727 (lculenta,
737 2656 881 2732 episeopus
894 2657 1110 2715 suessionensis.

386 2786 415 2844 1.
439 2784 624 2843 Gratulantes
647 2784 824 2843 celebremus
847 2783 951 2843 festum

439 2871 531 2938 Diem,
556 2870 619 2929 luce
641 2870 740 2929 divina
761 2870 920 2930 honestum.

386 2994 414 3050 2.
439 2990 495 3048 Hic
517 2996 561 3048 est
583 2989 646 3048 dies
666 2989 769 3049 Jaeohi
791 2990 921 3067 insignis,

441 3076 591 3135 Illustrata
613 3075 702 3149 signis
725 3077 786 3149 ejus
808 3076 911 3150 dignis.

386 3199 415 3255 3.
441 3197 528 3268 Quem
551 3210 711 3268 precamur,
736 3196 823 3255 ducat
845 3201 876 3252 ut
897 3193 935 3253 ad
958 3194 1053 3252 caelos

440 3280 632 3339 Decantantes
654 3281 716 3352 ejus
739 3279 853 3340 Christo
876 3280 974 3338 melos.

386 3404 413 3461 4.
439 3400 603 3474 Suscipiens
625 3401 745 3475 gratiam
770 3401 806 3459 de
830 3400 916 3460 caelis

438 3487 597 3547 Benedicat
618 3501 686 3559 ergo
708 3485 791 3560 plebs
813 3485 907 3545 fidelis

523 3572 654 3631 Domino.

204 3691 225 3740 C
243 3691 286 3739 fol.
303 3687 376 3739 1851)
395 3691 444 3739 mit
456 3668 667 3755 urreistinrmiger
681 3689 840 3753 Singweis03
853 3688 914 3752 jode
924 3689 1038 3754 Sirophe
1050 3691 1098 3738 mit
1111 3687 1315 3739 verschiedener

137 3759 257 3809 llelodie.
271 3785 303 3792 —
322 3749 394 3810 Uber
404 3759 523 3809 Joscelin
536 3759 568 3808 de
578 3759 683 3822 Vierzy,
700 3762 817 3824 genennt
831 3757 856 3809 le
868 3759 952 3818 llonx,
965 3759 1017 3823 vgl.
1030 3758 1101 3807 llist.
1114 3757 1166 3808 Lit.
1180 3758 1241 3818 xn,
1254 3755 1316 3810 412.

301 3959 337 4016 16.
373 3956 511 4033 llagister
529 3957 686 4028 Albericus,
705 3957 934 4033 archiepiscopus
953 3956 1143 4015 Biturioensis.

137 4091 164 4147 1.
188 4087 235 4145 Ad
256 4087 373 4159 superni
395 4087 470 4159 regis
493 4087 590 4161 decus,
751 4090 778 4149 2.
803 4086 890 4146 Secus
912 4087 980 4144 litus
1003 4085 1162 4145 Gallilaeae

233 4172 281 4245 qui
307 4173 433 4230 continet
454 4174 558 4246 omnia,
845 4172 1041 4245 contempsisti
1063 4171 1192 4244 propria,

188 4258 370 4317 Celebremus
393 4258 460 4316 laeti
483 4263 541 4334 tua,
802 4260 929 4331 Sequens
952 4257 1096 4316 Christum
1119 4257 1297 4329 praedicasti

230 4343 348 4420 iacebo,
371 4343 517 4403 solemnia.
844 4344 933 4418 ipsius
956 4343 1085 4417 imperia.
1178 4377 1181 4385 ·
