2918 4868
610 273 821 338 ..69-

477 475 514 532 21.
534 476 571 533 Ila
589 491 626 533 ss.
647 474 766 533 Corlula
786 477 815 533 at
832 475 947 534 Cannio.

247 621 303 680 Ad
325 620 567 685 Matutinnm,

310 739 505 789 Invitatorium.

193 842 261 901 Post
283 839 387 901 festum
410 843 550 917 virginum

233 929 390 1001 psallamus
414 929 501 989 hodie

191 1013 306 1073 Laudes
328 1015 366 1074 ad
388 1015 540 1074 Dominum

234 1100 377 1159 Cordulae
399 1108 428 1158 et
450 1100 585 1161 candiae.

249 1323 290 1381 In
314 1325 342 1385 1.
366 1325 570 1388 Nocturno.

321 1458 497 1525 antiphonae.

143 1580 171 1640 1.
194 1580 239 1638 Ex
261 1597 312 1639 ore
334 1582 499 1640 laetentium

234 1667 274 1724 Et
296 1667 437 1741 virginum
461 1666 567 1725 Christi

195 1751 264 1809 (lum
289 1768 357 1811 voce
378 1752 562 1826 psallentium

237 1838 365 1896 Laudem
386 1836 544 1912 perfecisti.

140 1976 169 2035 2.
194 1975 227 2031 In
250 1975 362 2047 sponsis
385 1974 543 2049 virginibus

237 2059 364 2132 Sponsus
385 2061 549 2134 exsultavit,

191 2146 267 2218 Quas
290 2162 352 2203 cum
376 2147 447 2203 coeli
470 2145 580 2207 civibus

237 2229 298 2288 Sibi
321 2231 475 2303 copulavit.

143 2371 170 2426 3.
197 2368 319 2426 Pulchra
341 2369 488 2442 generatio

235 2454 287 2512 Est
310 2471 373 2514 cum
399 2455 519 2514 caritate

192 2540 225 2598 In
246 2541 321 2614 regis
344 2541 454 2613 palatio

235 2626 361 2699 Fulgens
385 2627 527 2690 claritate.

248 2831 286 2889 In
310 2835 339 2892 2.
364 2831 574 2894 Nocturno.

319 2968 495 3034 Antiphontis.

139 3087 167 3146 1.
192 3087 261 3146 Post
283 3089 421 3164 virginem
445 3091 569 3166 virgines

236 3175 307 3249 Regi
329 3176 495 3250 offeruntur,

193 3259 250 3317 Per
271 3278 355 3333 qnam
380 3262 442 3320 Deo
465 3263 593 3321 homines

237 3344 311 3404 Fide
333 3349 549 3422 conjunguntur.

141 3484 171 3541 2.
195 3481 248 3539 Dei
275 3482 488 3544 tabernaculum

238 3569 370 3643 Virgines
393 3572 510 3643 electae,

127 3663 154 3683 ⁸
196 3655 273 3725 Quae
296 3656 402 3714 mundo
424 3657 617 3729 spectaculum

238 3740 366 3800 Fuerunt
390 3742 515 3802 effectae.

144 3880 173 3938 3.
197 3877 285 3935 Sacer
307 3877 410 3937 chorus
433 3880 574 3953 virginum

237 3963 307 4020 Cum
329 3964 444 4025 Christo
465 3964 589 4024 laetatur

198 4047 253 4104 Per
270 4049 442 4122 triumphum
466 4052 616 4123 geminum,

238 4135 283 4192 De
305 4150 360 4206 qno
382 4136 529 4207 gloriatur.

860 621 900 680 In
925 623 953 681 8.
978 622 1189 684 Nocturno.

936 757 1114 823 Antiphonae

754 877 783 936 l.
806 877 931 937 Thorum
954 879 984 936 in
1009 879 1120 937 deliciis

850 963 951 1023 Carnis
973 965 1145 1038 nescierunt,

805 1049 932 1108 Attritae
954 1050 1104 1122 suppliciis

849 1136 897 1195 Ad
919 1136 1179 1224 sponsnmxierunt.

753 1259 783 1318 2.
806 1255 875 1314 Cum
897 1256 994 1328 palma
1015 1272 1033 1313 a
1055 1257 1231 1332 martyribus

849 1341 993 1415 Sanguine
1015 1349 1169 1416 mereatur,

809 1425 921 1485 Corona
943 1426 1103 1500 virginibus

852 1511 967 1584 Duplex
989 1519 1190 1586 praeparatur.

757 1632 785 1689 3.
809 1630 843 1688 ln
866 1630 984 1702 psalmis
1007 1638 1036 1688 et
1058 1633 1186 1708 citharis,

852 1715 994 1790 Virgines,
1019 1723 1142 1788 cantate,

809 1799 927 1870 Terrae,
950 1803 1031 1874 ponti
1054 1810 1083 1861 et
1105 1805 1231 1863 aetheris

852 1885 924 1960 Regi
947 1887 1081 1948 sociatae.

888 2110 930 2168 In
955 2109 1164 2169 Laudibus.

939 2244 1116 2310 antiphonae.

760 2367 784 2429 l.
808 2368 940 2428 Candida
961 2369 1120 2447 virginitas,

850 2470 932 2513 roseo
953 2453 1072 2528 perfusa
1095 2470 1205 2527 cruore,

808 2539 877 2598 Cum
901 2540 1015 2601 Christo
1038 2547 1147 2613 regnat,

851 2642 926 2684 nunc
947 2626 1026 2701 regio
1048 2626 1154 2684 amicta
1176 2625 1288 2689 decore.

756 2747 786 2806 2.
808 2745 901 2804 Corde
925 2747 985 2805 Deo
1001 2745 1127 2818 jubilant

849 2831 925 2890 laeto
943 2831 1113 2904 jubilamine
1133 2833 1231 2904 sponsi

808 2917 945 2989 Sponsae,
969 2934 1052 2993 quem
1075 2917 1185 2975 sociant

851 3003 964 3076 agmina
989 3008 1090 3061 sancta
1110 3003 1180 3076 poli,

759 3123 788 3182 3.
811 3120 938 3195 Corpore
961 3124 997 3183 de
1017 3123 1145 3196 proprio,

855 3208 891 3266 de
912 3209 1049 3285 sangnine
1071 3208 1163 3281 deqae
1176 3207 1310 3268 medullis

810 3293 967 3368 Multiplici
989 3293 1098 3366 sitiunt,

851 3379 880 3439 vi
901 3395 992 3453 neque
1015 3376 1175 3438 fastidiunt.

756 3506 786 3564 4.
810 3503 964 3562 Cantantes
987 3499 1106 3585 pariter,

847 3585 950 3657 sociae,
972 3584 1135 3643 benedicite
1158 3584 1278 3662 Christo,

807 3672 879 3744 Eius
902 3671 994 3729 dulcis
1015 3686 1097 3728 amor

851 3763 985 3830 personet
1005 3771 1056 3814 ore
1077 3755 1135 3828 pio.

759 3882 786 3940 5.
810 3878 943 3935 Madent
965 3892 1028 3934 cnm
1050 3875 1186 3951 cytharis,

854 3962 1010 4021 concordat
1032 3961 1158 4021 Cordule
1182 3960 1307 4032 chordis,

812 4047 913 4106 Psallit
934 4054 963 4104 et
984 4047 1121 4121 angelicis

852 4133 963 4192 Cardia
979 4133 1082 4204 juncta
1104 4132 1207 4191 choris.

202 4271 277 4320 Brev.
297 4272 456 4322 Dertnsenaa
475 4274 536 4340 imp.
554 4274 676 4340 Lugduni
698 4271 770 4323 1547.
