2918 4868
621 243 851 308 -211-

149 419 176 478 7.
200 418 265 477 Vim
287 418 420 479 vincendi
440 418 550 477 Turcos
572 419 634 478 viro
733 418 734 422 ’
783 421 811 479 9.
835 415 1023 479 interfectum
1043 435 1061 477 a
1082 434 1114 477 oe
1134 418 1198 492 ipso

246 504 393 577 apostolus
416 502 526 576 tribuit,
875 504 914 563 ad
937 505 1024 563 vitam
1048 504 1174 578 restituit

201 590 385 662 Peregrinum
408 590 480 647 mari
502 589 614 662 lapsum
832 589 874 650 Et
894 588 994 648 altaris
1016 589 1115 649 valvas
1138 590 1249 649 clausas

243 692 296 748 per
318 676 452 734 virtutem
475 674 575 747 tenuit,
877 675 973 734 comiti
994 676 1107 748 aperuit

200 760 245 820 De
267 761 380 819 excelsa
401 776 468 820 arce
489 759 597 819 saltans
834 761 1043 838 stephanoque,
1067 777 1150 821 servo
1165 761 1229 838 Dei,

242 846 288 904 vir
309 863 394 905 mnus
416 851 531 919 ereptus
551 852 605 919 est,
874 853 907 905 ut
929 847 1010 904 miles
1033 847 1176 924 apparuit,

202 932 256 991 Per
278 932 426 990 crussillae
448 937 556 990 tactum
575 931 658 990 miles
831 932 930 991 Virum
954 939 1068 1006 captum
1091 948 1185 993 comes
1205 937 1289 1005 spata

245 1018 331 1077 saluti
354 1017 484 1077 redditus
507 1023 560 1079 cst.
872 1018 987 1077 laedere
1007 1035 1063 1077 uon
1085 1019 1187 1092 potnit.

147 1124 176 1182 8.
200 1120 322 1180 Sanituti
345 1127 410 1192 post
432 1121 588 1180 vindictam
758 1120 807 1182 10.
830 1121 887 1180 Hic
928 1127 1104 1180 contractum
1150 1119 1284 1179 membris

240 1206 400 1264 Dalmatius
423 1207 580 1276 natusest,
634 1227 636 1230 ⁴
1114 1212 1231 1280 captum

197 1293 389 1365 Aprostrata
411 1309 478 1351 arce
500 1307 569 1350 sane
876 1293 968 1351 erexit
989 1293 1145 1369 humiliter,

241 1383 384 1436 mercator
405 1394 535 1452 egressus
559 1385 611 1448 est,
832 1377 1011 1437 Vinculatnm
1034 1380 1121 1437 solvit
1146 1378 1238 1436 uirum

196 1463 375 1536 Militemque
398 1464 553 1522 custodivit
873 1465 1035 1522 terdecies
1061 1465 1193 1526 dulciter.

238 1567 255 1608 a
278 1550 336 1607 suis
357 1548 550 1624 sequentibus,
830 1549 910 1608 llaec
933 1556 1000 1608 eunt
1020 1550 1072 1609 illa
1093 1554 1276 1610 sacrosancta

196 1635 346 1694 Liberavit
370 1636 462 1693 virum
484 1649 610 1707 aegmm,
874 1635 972 1695 diviua
994 1635 1140 1708 miracula,

239 1736 408 1792 praesuma
431 1718 623 1780 daemonibus.
829 1720 906 1793 Quae
928 1722 966 1781 ad
990 1722 1076 1780 decus
1099 1721 1207 1783 Christi
1227 1717 1296 1777 fecit

870 1806 996 1866 lacobus
1018 1823 1071 1881 per
1090 1807 1213 1865 saecula.

452 1906 500 1966 11.
525 1907 610 1966 Unde
628 1907 728 1966 laudes
751 1907 812 1980 regi
835 1924 931 1981 regum

566 1993 709 2052 solvamus
731 1993 875 2062 alacriter,

525 2080 596 2141 Cum
618 2096 674 2152 quc
696 2079 764 2140 laeti
787 2095 947 2138 mereamur

565 2165 662 2224 vivere
682 2165 857 2240 perenuiter,

524 2249 600 2323 Fiat,
622 2265 714 2324 amen,
737 2249 856 2323 alleluja

567 2336 694 2394 dicamus
716 2336 882 2395 solemniter

524 2421 564 2480 Et
585 2422 690 2494 ultreja
713 2427 741 2480 et
762 2438 810 2480 aus
833 2423 879 2494 eja

565 2507 748 2566 decantemus
767 2507 883 2582 jugiter.

210 2625 230 2674 C
248 2625 293 2675 fol.
315 2622 385 2676 1901)
403 2627 452 2675 mit
469 2626 660 2693 einstimmiger
676 2626 793 2677 Melodie
810 2626 922 2693 Strophe
944 2624 955 2676 l
977 2627 1030 2677 und
1048 2624 1072 2687 2,
1098 2628 1144 2677 der
1162 2629 1227 2678 Raet
1244 2627 1316 2692 fehlt,

141 2692 175 2742 da
194 2694 238 2742 fol.
259 2690 306 2744 191
326 2695 501 2760 ansgarium,
520 2694 574 2745 und
592 2696 629 2745 ist
645 2709 694 2745 auc
713 2696 783 2745 Hira
801 2694 882 2746 Liter.
900 2696 933 2746 de
951 2696 978 2746 la
995 2697 1095 2746 Franco
1113 2697 1185 2757 XXI,
1209 2692 1259 2746 276
1276 2714 1315 2746 er·

140 2763 226 2826 ginzt
247 2791 279 2798 —
299 2759 324 2823 5,
343 2759 359 2813 6
377 2762 476 2824 Cicera,
497 2763 562 2814 Port
579 2764 642 2816 Cice
660 2777 703 2815 am
720 2764 846 2831 Eingang
862 2780 914 2815 von
932 2764 1128 2816 Roncesvalles.

481 2929 518 2986 21.
555 2930 593 2987 De
611 2929 806 2987 'lruusluticue
825 2945 847 2987 s.
865 2929 972 2987 iacobi.

185 3038 393 3098 Lectiones
422 3041 628 3099 secundum
650 3041 810 3099 Leonem
830 3058 961 3115 papam
984 3047 1021 3099 et
1043 3040 1270 3114 magistrum

617 3143 834 3206 Panicham.

644 3259 767 3313 Lectio
785 3259 806 3313 1.

389 3366 418 3427 1.
441 3366 482 3426 Ut
504 3366 602 3425 radius
624 3366 694 3426 solis
713 3366 843 3440 iustitiae

439 3452 596 3513 Duodenae
618 3451 726 3526 primus
749 3452 869 3511 militiae

442 3537 554 3596 Primus
576 3537 663 3598 habet
688 3554 818 3612 campum
840 3538 987 3610 victoriae,

442 3625 553 3683 Sortem
576 3624 685 3697 primus
707 3624 828 3683 sortitur
848 3624 965 3698 gloriae.

386 3729 415 3787 2.
439 3726 549 3785 Seditio
572 3726 646 3800 regis
668 3726 817 3786 saevitiam

439 3812 546 3872 Contra
567 3811 675 3873 Christi
697 3817 792 3872 movet
817 3812 976 3884 ecclesiam,

438 3897 619 3971 ‚iambusque
640 3898 746 3956 transit
766 3898 803 3957 ad
826 3897 946 3971 gloriam

438 3984 494 4042 Per
515 3983 641 4044 Herodis
664 4000 762 4043 caesus
785 3983 965 4043 senteutiam.

385 4089 414 4148 3.
437 4089 522 4147 Hunc
544 4103 579 4145 ex
602 4081 641 4120 **
665 4091 775 4160 septem
796 4086 963 4161 surripiunt,

438 4173 548 4246 Corpus
572 4177 697 4249 portant,
720 4172 834 4246 ioppen
857 4172 1035 4246 perveniunt,

439 4258 484 4317 lbi
506 4273 607 4316 navem
630 4256 705 4316 torte
727 4257 916 4334 conspiciunt,

439 4343 549 4402 Navem
570 4345 689 4418 intrant,
713 4359 816 4418 corpur
838 4343 1011 4403 custodiunt.

1110 4439 1158 4492 14*
