2918 4868
615 278 850 344 -135-

526 482 579 540 217.
615 482 654 541 lle
672 484 769 542 sancto
787 484 946 543 metuero.
979 439 982 444 .

593 605 636 660 Ad
654 607 734 676 Vesp.
752 613 779 661 et
796 606 874 662 Noct„

147 731 174 792 1.
199 728 305 788 Christi
328 735 443 787 sacrata
465 730 598 803 praesule
761 735 790 792 4.
814 732 877 789 Nec
897 732 959 789 sine
982 731 1149 791 diaconibus

200 815 240 873 Et
260 814 419 874 Fructuoso
443 824 568 888 martyre
813 818 918 877 Passus
942 814 998 874 init
1019 817 1180 891 episcopus,

198 897 333 975 Refnlget
354 901 424 959 urbs
446 901 605 973 Hispaniae
812 904 936 975 Quorum
956 918 1029 960 unns
1050 903 1194 977 Augurius

200 986 281 1046 Haec
303 986 468 1045 Tarracona
489 987 611 1047 nomine.
813 987 852 1046 Et
874 988 950 1047 alter
971 993 1014 1045 est
1037 987 1186 1061 Eulogius.

146 1126 174 1183 2.
199 1125 279 1183 Haec
300 1123 369 1181 urbs
390 1141 493 1196 magna
515 1123 691 1199 metropolis,
760 1125 788 1183 5.
812 1124 937 1195 Quorum
960 1124 1046 1182 trium
1070 1123 1238 1182 demeritis
1312 1098 1322 1113 ἃ

196 1209 303 1267 Marini
323 1226 438 1267 consors
460 1210 563 1282 litoris,
812 1210 946 1280 Fructus,
970 1226 988 1268 o
1010 1208 1133 1284 Christe,
1157 1207 1281 1283 famulis,

196 1297 261 1355 Jam
283 1295 436 1353 Fructuosi
458 1296 594 1368 martyris
811 1295 946 1354 Remulos
968 1294 1005 1354 ab
1027 1294 1154 1369 auguriis

195 1378 324 1438 Ebibens
346 1381 423 1439 rivos
446 1381 600 1454 sanguinis.
816 1379 1004 1439 Sanctificans
1025 1380 1155 1454 eulogiis.

143 1517 172 1578 3.
195 1517 252 1574 llic
274 1515 450 1575 Fructuosus
473 1518 601 1594 moritur,
758 1519 787 1578 6.
811 1516 912 1575 Gloria
933 1515 995 1595 tibi,
1019 1517 1151 1594 Domine,

195 1603 251 1662 Per
274 1600 398 1660 fructum
420 1604 508 1660 coelis
530 1602 631 1674 oritur,
808 1604 876 1663 Cum
899 1608 982 1675 patre
997 1609 1026 1660 et
1042 1611 1141 1662 saneto
1156 1609 1320 1676 pneumate,

194 1687 257 1746 Hac
279 1689 307 1745 in
329 1688 402 1746 urbe
424 1688 600 1760 reconditur,
807 1687 908 1746 Honor
929 1704 993 1746 cum
1016 1689 1101 1747 laude
1123 1696 1244 1762 perpete

195 1773 251 1831 Per
273 1774 371 1831 orbem
390 1774 448 1832 late
471 1774 582 1834 colitur.
806 1772 890 1830 Nunc
912 1782 941 1831 et
964 1775 1091 1832 inomni
1114 1781 1252 1847 tempore.

208 1892 285 1940 Brev.
303 1891 499 1941 Tarraconense
517 1893 579 1956 imp.
597 1892 761 1942 Barcinonae
782 1886 855 1939 1484.
873 1915 906 1924 -
927 1888 949 1953 l,
966 1888 984 1940 4
1001 1893 1145 1943 Terucona.

515 2126 570 2182 218.
605 2125 645 2181 lle
663 2127 759 2182 saneto
778 2124 938 2181 Fructuooo.

643 2246 686 2301 Al
704 2244 818 2300 Laudes.

141 2375 169 2432 1.
190 2375 256 2434 Jam
283 2373 388 2431 saeculi
411 2389 464 2446 pcr
485 2373 579 2445 spatia
753 2375 782 2432 3.
805 2370 867 2429 Hos
890 2370 1077 2443 deprecamur
1099 2372 1195 2448 etium,
1300 2431 1302 2435 ,

194 2458 276 2517 Nova
298 2459 455 2516 succedunt
477 2458 591 2534 gaudia,
806 2457 994 2515 Peccantibus
1015 2468 1048 2515 ut
1071 2459 1183 2517 veniam

191 2544 290 2601 Trium
312 2550 468 2616 martyrum
491 2541 594 2603 florida
805 2542 977 2614 [largiantur
998 2550 1167 2616 perpetuam

189 2627 360 2687 Celebratur
382 2629 510 2688 victoria.
806 2628 874 2688 Sine
896 2626 952 2685 fine
973 2629 1002 2686 in
1027 2629 1128 2703 gloria.

139 2769 169 2828 2.
191 2767 272 2827 Unus
295 2768 410 2840 praesul
432 2766 608 2824 Fructuosus
755 2768 784 2828 4.
807 2764 891 2824 Unde
914 2765 1045 2826 Christus
1068 2782 1131 2825 cum
1155 2768 1273 2842 venerit,

191 2853 280 2912 Vivus
304 2860 447 2911 crematur
467 2851 580 2924 ignibus
806 2848 928 2909 Referre
950 2852 1060 2910 cunctis
1081 2854 1209 2930 propria,

192 2937 231 2996 Et
252 2940 340 2997 levita
361 2939 515 3014 Augurius,
806 2936 897 2994 Nobis
920 2954 975 2995 non
999 2945 1031 2995 ot
1052 2939 1197 3010 supplicia

188 3023 325 3098 Eulogius
348 3024 493 3083 diaconus.
807 3021 979 3081 Proveniant
1001 3023 1053 3082 sed
1075 3026 1215 3096 praemia.

471 3129 501 3187 5.
524 3126 604 3184 Haec
627 3142 736 3184 summa
756 3131 884 3198 praestet
908 3125 1001 3184 deitas

524 3211 619 3270 Patris
636 3211 751 3283 natique
773 3210 848 3269 unici

522 3297 666 3370 Sacroque
689 3313 752 3354 oum
769 3295 926 3369 spiramine

524 3384 557 3441 ln
579 3385 754 3456 sempiterna
775 3381 898 3441 saecula.

208 3503 283 3552 Brev.
301 3503 498 3551 Tarraconense
517 3503 578 3567 imp.
597 3502 760 3551 Barcinonae
781 3496 856 3549 1484.
875 3527 907 3534 -
930 3496 955 3560 4,
974 3496 992 3548 4
1011 3499 1177 3550 Perveniant
1202 3526 1233 3536 -
1258 3499 1281 3562 5,
1302 3498 1315 3552 l

139 3586 241 3620 summa
259 3576 334 3636 pater
350 3571 443 3620 deitas.

525 3805 581 3861 219.
616 3805 655 3862 lle
673 3806 769 3862 saneto
788 3801 926 3862 Gabriele.

142 3948 170 4010 1.
193 3947 357 4007 Gabrielem
379 3963 555 4021 veneremur,
753 3952 780 4010 2.
804 3947 932 4023 Gabriel,
956 3947 1047 4006 virtus
1071 3946 1176 4020 diviua,

233 4035 333 4091 summi
357 4035 431 4107 regis
454 4034 592 4105 nuntium,
850 4033 959 4092 debiles
983 4032 1114 4102 fortifica,

194 4120 250 4177 Per
272 4136 354 4192 quem
377 4120 455 4176 Deus
479 4120 621 4193 delegavit
806 4120 847 4179 Ut
870 4119 1014 4177 vincamus
1037 4119 1190 4190 inimicum,

235 4220 346 4261 sacrum
370 4205 565 4279 ministerium,
850 4204 912 4277 ipse
934 4220 984 4262 nos
1008 4202 1171 4274 corroboro,
1274 4199 1293 4254 .’

196 4289 241 4347 Ex
265 4290 373 4363 virgine
394 4291 572 4348 incarnatum
808 4289 849 4349 Ut
871 4299 989 4362 peccata
1012 4290 1201 4360 remittantur,

234 4377 336 4435 Jesum
357 4392 438 4435 suum
461 4375 560 4436 filium.
852 4374 914 4448 ipse
936 4374 1019 4433 uobis
1040 4375 1171 4447 impetra.
