2918 4868
657 234 889 296 —250-

177 408 205 468 3.
230 406 374 469 Postomli
394 406 545 479 insignitus
792 410 820 466 4.
843 405 899 478 Fla
922 421 998 478 ergo,
1020 413 1131 480 martyr
1152 406 1268 470 christi.

271 492 365 564 HuJ'us
385 491 463 550 sedis
485 491 596 561 baculo,
896 491 984 551 Urbis
1006 492 1091 565 hujus
1112 489 1252 564 pontifex,

231 578 353 652 Gregem
375 593 471 653 pasce,
494 593 550 649 quo
573 574 689 636 fulcitus
844 576 909 634 Non
933 577 1071 648 dimittas,
1093 594 1163 651 quos
1186 575 1284 638 fovisti

271 664 320 740 Es,
345 663 461 720 coelesti
483 661 598 735 pabulo,
888 662 974 721 Velut
996 663 1086 721 bonus
1109 661 1224 740 artifex,

228 750 317 808 Pluou
338 748 430 806 Deum
453 765 508 806 non
531 747 637 807 oblitus
845 747 902 806 Sed
926 756 1037 820 sugent,
1063 749 1138 821 quod
1162 748 1281 822 coepisti

271 834 347 893 Huic
367 841 415 892 tuo
437 833 552 906 populo.
884 833 1015 892 Summus
1037 849 1132 892 rerum
1154 832 1260 906 opifex.

538 941 567 996 4.
591 935 677 1008 Laus,
701 937 791 994 virtus
814 943 843 993 et
865 935 957 994 honor
978 936 1040 995 Deo

631 1021 675 1080 Sit
696 1021 772 1094 putri
795 1021 932 1094 ingenito,

588 1106 712 1164 Flamini
734 1113 764 1164 et
785 1107 916 1165 Nazareo

631 1193 726 1252 Patris
751 1192 907 1269 unigenito,

586 1277 640 1349 Qui
667 1294 800 1336 coronam
823 1293 886 1335 cum
909 1277 1046 1351 trophaeo

630 1362 688 1421 Dot
711 1362 817 1423 Severo
838 1363 948 1425 inolito.

246 1500 320 1548 Brev.
347 1514 394 1548 ms.
418 1500 612 1549 Barcinonense
634 1513 703 1549 saec.
728 1495 767 1548 15.
787 1497 849 1548 Cod.
869 1498 955 1562 Capit
973 1499 1064 1547 Vicen.
1083 1499 1153 1550 (ux.
1171 1500 1203 1548 Α.
1226 1525 1258 1533 -
1283 1500 1359 1549 Brev.

180 1569 374 1618 Barcinonense
393 1569 455 1632 imp·
475 1569 638 1617 Barciuouae
659 1562 734 1618 1540.
752 1568 782 1617 Β.

572 1801 633 1860 lto.
670 1802 709 1859 lle
727 1804 824 1859 sancto
842 1802 953 1859 Severo.

650 1941 694 1996 Ad
712 1942 881 1996 Matutinum.

383 2087 409 2144 1.
435 2085 535 2145 Illuxit
557 2083 679 2142 celebris
702 2084 773 2142 bueo
796 2084 858 2142 dies
880 2102 975 2143 annuo

435 2171 474 2230 Et
496 2170 545 2228 lux
565 2171 595 2228 in
617 2170 744 2228 tenebris
767 2167 859 2244 fulget
878 2171 1041 2243 praecipuo,

435 2256 511 2314 Dum
533 2254 593 2315 vito
615 2256 768 2313 mulcebris
792 2261 821 2312 et
841 2261 922 2329 gestu
946 2258 1038 2315 ardua

478 2341 577 2401 Severi
599 2342 691 2399 suncti
714 2341 860 2414 panditur.

379 2449 409 2506 2.
432 2447 492 2504 Isto
514 2443 647 2518 ignobilis
670 2450 715 2500 ost
737 2459 772 2501 ex
792 2443 952 2517 plebecula,

433 2530 490 2589 Sed
513 2528 547 2586 fit
569 2528 719 2600 mirabilis,
743 2529 809 2586 dum
832 2529 894 2587 sine
915 2528 1027 2586 maculo

434 2615 489 2674 Est
510 2615 624 2687 praesul
648 2613 772 2688 humilis,
796 2614 950 2687 splendens
973 2619 1004 2671 ut
1030 2613 1125 2673 foculo

477 2701 573 2772 Atque
595 2701 742 2772 exemplar
764 2700 896 2772 posteris

380 2804 408 2862 3.
434 2803 556 2861 Severus
584 2802 672 2873 igitur
693 2809 775 2859 utens
798 2802 938 2874 conjugio,

443 2887 490 2945 Sic
512 2887 619 2944 mundo
641 2885 747 2945 fruitur
768 2892 797 2943 et
818 2886 872 2944 Dei
895 2887 991 2945 studio

433 2973 580 3045 Simulque
599 2973 729 3045 jungitur
750 2989 832 3030 sucro
855 2973 992 3044 psalterio

475 3059 515 3116 Et
539 3059 680 3115 saeculari
703 3058 822 3117 citbsro.

382 3166 412 3222 4.
437 3160 537 3219 Oleros
559 3167 587 3217 et
610 3161 733 3233 populus
755 3159 886 3219 columbo
907 3162 1006 3220 nuntio

435 3246 479 3305 De
501 3253 583 3318 patre
604 3247 732 3304 aemulus
756 3245 854 3305 divina
875 3247 968 3319 grstia

433 3331 523 3404 Eligit
545 3332 663 3391 sedulus
684 3331 760 3390 bunc
781 3331 811 3390 in
835 3332 987 3391 concordio

473 3416 561 3476 Urbis
585 3417 668 3489 hujus
687 3417 716 3475 in
738 3418 909 3490 praesulem.

380 3525 408 3581 5.
431 3520 509 3593 Ergo
530 3519 693 3592 pontificem
715 3526 842 3578 nostrum
865 3527 894 3577 et
916 3521 1037 3580 incolum

433 3606 567 3665 Colomus
588 3605 711 3666 invicem
735 3612 876 3680 tumquom
897 3607 1070 3683 coelicolam,

435 3691 475 3751 Ut
497 3691 605 3748 bostem
628 3691 738 3748 obicem
761 3698 788 3748 et
812 3709 925 3750 coruom
951 3691 1082 3751 frivolam

478 3777 578 3844 Pellnt,
603 3782 683 3849 regat
705 3784 732 3834 et
756 3784 893 3849 protegat.

381 3883 409 3940 6.
434 3880 484 3957 Te,
511 3895 579 3938 vera
602 3881 694 3937 ‹leitas
717 3881 793 3938 trinu
815 3886 844 3935 ot
866 3881 958 3949 unico,

433 3968 539 4025 Nostro
562 3965 720 4024 mortalitas
742 3966 871 4037 exposcit
892 3966 1024 4023 mendico

440 4051 478 4111 Ut
501 4059 550 4110 tuo
572 4052 685 4110 bonitus
707 4051 812 4124 gaudis
833 4049 939 4107 coelico

478 4137 535 4194 Det
561 4135 642 4193 uobis
665 4135 858 4196 exorantibus.

243 4274 319 4323 Brev.
344 4289 391 4322 nis.
410 4273 603 4322 Barcinoncuse
627 4288 694 4322 sorec.
722 4269 760 4321 15.
782 4271 845 4321 Cod.
863 4261 948 4334 capit.
969 4272 1058 4319 l'icen.
1080 4271 1148 4320 CIX.
1167 4272 1197 4320 Α.
1222 4300 1256 4307 -
1277 4272 1352 4321 Brev.

175 4343 371 4393 Barcinoncuso
390 4343 451 4406 imp.
472 4342 636 4390 Barcinonae
659 4338 730 4390 1540.
750 4342 780 4389 Β.
