2918 4868
613 281 826 345 „21-

136 467 171 530 V.
194 464 351 524 salvatoris
374 462 448 520 euim
472 458 575 517 testum
815 452 853 511 Et
875 449 1031 524 quemlibet
1052 450 1215 508 illuminans

201 553 291 610 Recte
310 565 385 609 nunc
404 547 550 615 indicitur,
812 537 919 596 Docuit
939 536 1030 607 utilia,

200 639 270 696 Cum
293 634 407 708 sanguis
431 634 467 691 de
489 632 611 704 imagine
813 622 950 682 Omnibus
970 623 1030 693 jam
1052 621 1111 680 suis
1133 626 1283 695 praestans

198 724 269 794 Ejus
288 724 348 793 jam
369 719 532 779 effunditur.
815 708 909 767 Multa
930 706 1077 767 beneficia.

139 831 168 887 2,
200 826 230 884 si
254 841 325 898 opus
345 821 520 896 adspicimus
756 793 789 854 V.
812 793 866 867 Qui
888 793 1060 851 salvatorem
1082 791 1210 864 sequitur

200 909 306 970 Christi
329 907 476 980 creatoris,
813 878 941 937 Habebit
962 879 1039 937 Vitae
1060 878 1181 951 gratiam

200 996 307 1055 Merito
329 993 468 1052 ecclesiae
814 965 853 1022 Et
875 965 969 1022 lumen
991 961 1167 1021 indeficiens.

204 1080 361 1141 Salvatoris
383 1079 496 1138 nomine
756 1088 785 1145 2,
815 1085 915 1158 Agnus
938 1083 1001 1140 sine
1022 1081 1144 1153 macula,

202 1168 380 1227 Dediccntur
402 1164 517 1234 mutue,
816 1169 950 1230 salvator
969 1167 1053 1226 lesus
1077 1166 1191 1238 dicitur,

199 1253 304 1311 Mortis
326 1265 447 1323 numque
469 1255 598 1320 tempore
815 1255 869 1326 Qui
891 1253 1014 1328 solvens,
1037 1253 1113 1326 quod
1136 1269 1193 1310 non
1214 1251 1291 1328 tulit,
1309 1254 1312 1259 '

201 1339 240 1397 ht
262 1338 374 1396 demum
398 1336 434 1393 de
454 1333 576 1407 imagine
815 1340 1046 1411 Daemonemque
1068 1337 1184 1397 vincens

202 1423 372 1496 Sanguinem
395 1420 505 1492 effudit,
818 1424 957 1497 Populum
979 1422 1110 1486 redemit

139 1509 175 1567 V.
198 1511 255 1569 Per
275 1523 359 1582 quern
383 1507 458 1565 victo
481 1505 618 1563 daemone
757 1511 793 1571 v,
816 1509 961 1570 Obediens
983 1509 1046 1567 Deo
1068 1509 1146 1582 patri

200 1595 339 1668 Populum
363 1592 493 1654 redemit.
821 1595 985 1669 virginique
1006 1601 1109 1667 sponte
1129 1592 1216 1651 metri

142 1699 171 1759 3.
203 1697 382 1757 Salvahrrem
404 1702 532 1753 nostrum
555 1693 653 1752 Jesum
816 1681 941 1740 Mortem
964 1679 1057 1738 crucis
1080 1678 1210 1753 pertulit

202 1784 347 1880 christun}
369 1794 564 1879 ὓεῦθὲΰξῑῑῦῑῑθ,
758 1804 787 1861 3.
820 1800 954 1859 Salvator
975 1800 1054 1860 Deus
1076 1799 1200 1871 Christe,

201 1869 242 1928 El
262 1874 295 1925 ul
317 1873 355 1925 ⁸¹l
377 1875 529 1940 Pl⁰l³¹t¹¹¹⁸2
816 1887 871 1960 Qui
892 1890 977 1944 uetus
999 1891 1091 1944 matre
1113 1884 1225 1958 virgine

201 1954 301 2051 Mente
323 1952 480 2049 rewlttfflffl
818 1971 942 2030 Mortem
965 1971 1109 2043 pertulisti

202 2039 275 2110 Erus
298 2036 436 2135 benefico
564 2119 570 2131 Ι
822 2056 861 2114 Et
881 2074 899 2116 a
920 2057 1041 2114 mortuis
1064 2070 1215 2129 resurgens

202 2124 242 2182 Et
262 2140 367 2198 omma,
390 2136 462 2194 quae
485 2117 587 2176 lecerit
819 2142 920 2200 000103
939 2141 1105 2218 agoenffigtg

202 2208 294 2267 Nobis
314 2205 528 2305 permssssllffiffl·
572 2289 578 2301 ⁸
817 2226 989 2300 Sanguinem
1010 2227 1040 2284 iu
1061 2226 1168 2305 Beryto

144 2294 178 2353 V.
202 2294 335 2353 Redemtl
357 2309 408 2351 110⁸
430 2310 459 2350 m
480 2303 617 2363 sassssfflsse
820 2311 956 2371 Fuudeus
978 2313 1015 2371 dc
1038 2318 1087 2370 tua
1109 2311 1231 2386 imagine

206 2379 264 2438 Suo
287 2394 404 2452 regnum
427 2383 456 2434 et
477 2375 642 2434 secerdotes
820 2398 882 2456 Tuo
906 2398 1012 2456 dotasti
1035 2412 1160 2472 munere,

204 2465 302 2524 Gratis
325 2463 444 2524 faciens·
821 2483 956 2558 Digneris
974 2500 1026 2542 nos
1047 2483 1160 2541 salvare

822 2571 856 2628 ln
877 2569 935 2627 tuis
957 2567 1090 2627 laudibus

264 2680 304 2737 lu
328 2683 356 2741 3.
379 2677 587 2736 Nocturno.
822 2654 1014 2728 0⁰⁰ssl0tlstt⁰⁸
1037 2653 1132 2713 hodie·

763 2739 795 2799 V.
820 2739 965 2798 Christum
987 2737 1079 2797 Deum
1101 2743 1286 2812 agnoscentes

822 2825 1057 2898 Salvatoremque
1080 2823 1229 2882 credentes

148 2905 175 2964 t.
205 2905 231 2962 A
255 2903 399 2962 salvatore·
421 2900 544 2960 Domino
825 2911 993 2969 Invocamus
1017 2911 1235 2972 conclamantes.

246 2987 390 3047 Mirecule
411 2990 571 3059 patrantur,

206 3075 245 3134 Et
268 3081 389 3147 propter
410 3071 464 3129 hoc
486 3068 624 3127 ecelesiae
1086 3117 1092 3128 .

251 3160 284 3217 ln
307 3158 413 3216 mundo
436 3161 649 3215 consecrantur.
915 3120 956 3177 ¹¹¹
976 3114 1175 3176 Laulistins·

146 3268 175 3326 2.
208 3263 265 3321 Per
279 3264 379 3323 Jesum
392 3259 535 3319 Christum
548 3257 708 3334 Dominum,
956 3251 1134 3316 Antiphanes.

208 3348 389 3491 vN0⁸lr¹¹¹¹¹
404 3345 594 3444 ‘salvatorem
765 3376 792 3437 1.
831 3374 1031 3433 Collaudemus
1053 3373 1163 3447 pariter

235 3449 284 3491 ere
306 3433 413 3491 salvari
436 3431 589 3502 credimus,
866 3460 965 3519 ΜΠ]
987 3460 1158 3519 salvatorem

252 3518 317 3577 Non
340 3533 393 3591 per
415 3522 543 3574 nostrum
560 3515 697 3589 rigorem.
824 3545 864 3604 Et
886 3545 1017 3604 molestis
1040 3543 1148 3619 gloriae

148 3627 177 3686 3.
208 3623 410 3682 clamaverunt
430 3625 528 3693 patres
548 3618 619 3690 justi
869 3631 934 3691 guis
955 3630 1129 3704 largitorem,

251 3707 388 3766 Ferventi
410 3720 507 3764 umore
598 3708 599 3711 ’

207 3794 248 3853 Et
270 3798 348 3851 certe
371 3797 438 3849 suut
458 3788 562 3848 sulvsti

251 3878 366 3941 Christo
389 3877 580 3950 redemptore.

336 2795 513 2862 Antiphonae.

766 3755 795 3812 2.
824 3750 969 3823 Digneris,
992 3750 1119 3809 salvetur
1140 3748 1264 3824 Christe,

867 3837 895 3896 A
917 3836 992 3896 melo
1014 3852 1066 3894 nos
1088 3835 1210 3906 salvare,

824 3922 865 3982 Ut
886 3938 940 3996 per
960 3929 1038 3980 tuam
1060 3922 1197 3995 pietatem

337 4030 523 4095 Responroris.
873 4009 1006 4070 colemus
1028 4008 1195 4068 trinitatem.

150 4139 178 4199 1.
210 4138 374 4207 horrere,
398 4131 698 4209 ChristusDuminus‚
767 4133 797 4191 3.
828 4130 939 4187 Auctor
959 4127 1027 4186 huni
1049 4127 1189 4186 Dominus

209 4223 342 4281 Salvator
363 4221 489 4290 advenit,
868 4215 934 4288 lpse
957 4219 1000 4271 est
1023 4213 1158 4283 salvator,

209 4309 278 4366 Plus
300 4323 385 4380 quum
407 4307 481 4379 ignis
496 4320 549 4378 per
568 4305 712 4363 desertum
825 4299 869 4357 Sit
889 4299 970 4357 nohis
992 4299 1135 4372 propitius

210 4392 350 4467 Populum
372 4391 505 4462 secernit,
869 4385 1008 4458 Vitueque
1032 4385 1162 4442 donator.
