2918 4868
609 270 757 336 -249
802 307 840 317 -

137 452 166 506 5.
190 446 242 519 Qui
267 455 385 519 septem,
409 461 479 517 quos
502 443 642 503 habuerat
752 446 779 505 7.
804 444 862 502 Sub
887 450 936 502 tua
957 444 1032 502 bunc
1055 445 1185 502 custodia

190 531 270 604 Sara,
292 532 368 590 viros
391 537 553 602 necaverat,
804 527 878 588 Fide
900 530 1053 600 committo,
1076 529 1171 602 patria

189 618 230 678 Ut
250 622 415 676 servaretur
436 616 540 689 virgini
804 616 902 688 Ipsum
924 615 1030 674 revidit
1052 616 1198 689 sospitem,

190 703 277 776 Virgo
296 702 444 776 jnngenda
465 702 577 771 semini,
805 701 894 771 Quem
917 701 1042 774 suscepit
1064 701 1244 773 locupletem.

137 809 167 867 6.
189 805 298 864 Tobiae
320 805 411 863 sancti
435 803 503 874 filio,
753 804 782 862 8.
805 803 967 861 Hierarcha
993 819 1103 876 magne,
1134 819 1312 876 quaesumus,

191 891 281 950 Tribu
304 896 405 949 sancta
426 889 584 965 progenito,
807 889 933 961 Implora
955 888 1012 946 tuis
1034 887 1178 962 precibus,

190 978 279 1048 Quam
303 977 329 1034 ei
349 977 445 1048 junxit
466 975 587 1048 Raguel,
805 974 845 1033 Ut
864 974 993 1048 ignoscat
1018 974 1183 1032 criminibus

188 1062 229 1122 Ut
250 1061 377 1120 statuisti
400 1061 540 1134 Raphael.
804 1058 920 1118 Nostris
942 1060 1029 1131 Dens,
1052 1075 1126 1133 quae
1149 1057 1277 1124 fecimus.
1333 1067 1336 1074 “

545 1165 574 1227 9.
599 1161 701 1222 Gloria
722 1161 784 1241 tibi,
808 1162 938 1224 Domine.

204 1285 278 1332 lires.
297 1284 445 1333 Romanum
464 1284 526 1346 imp.
547 1276 626 1331 15**.

512 1533 576 1590 tot.
613 1533 651 1589 lle
671 1533 767 1590 sanato
785 1531 939 1606 llapbaolo.

639 1668 682 1723 Ad
701 1669 814 1725 Laudes.

139 1815 166 1877 1.
190 1814 251 1873 Rex
275 1813 436 1871 dominator
460 1812 593 1886 gentium,
754 1817 779 1872 5.
807 1813 944 1873 Absolvit
966 1813 1066 1872 Sarum
1090 1814 1227 1887 virginem

189 1899 274 1958 Sume
297 1904 425 1957 nostrum
448 1899 641 1971 praeconium,
802 1898 849 1957 Ab
871 1899 1010 1958 Asmodei
1032 1899 1155 1971 vinculo,

192 1987 232 2046 Ut
255 1995 361 2042 terram
385 1984 436 2042 des
459 1983 613 2042 viventium
807 1983 952 2043 Abstersit
977 1990 1006 2041 et
1027 1984 1188 2057 albuginem

191 2070 317 2131 Primo
352 2070 498 2128 dierum
528 2070 699 2130 omnium.
806 2069 890 2128 Caeci
913 2069 1043 2129 Tbobiae
1065 2071 1155 2129 oculo.

138 2178 167 2234 2.
189 2174 236 2231 Ad
260 2179 289 2229 te
311 2173 466 2231 clamamus
488 2173 609 2243 exsules,
754 2174 782 2232 6.
806 2172 898 2231 Error
919 2179 951 2231 ut
972 2172 1064 2230 hiscat
1085 2175 1223 2249 aemulus,

192 2259 315 2316 Nostrae
338 2259 439 2316 salutis
462 2257 585 2329 institor,
806 2257 848 2315 Te
871 2258 1067 2331 deprecamur,
1091 2257 1221 2328 Domine,

194 2344 266 2402 Nam
290 2345 368 2403 solus
390 2344 465 2402 fidus
486 2343 601 2416 praesul
624 2358 665 2414 es,
810 2342 958 2404 Ascendat
979 2344 1055 2402 alter
1075 2345 1193 2416 angelus

193 2435 361 2490 Actorne
382 2446 504 2487 rerum
528 2428 701 2488 conditor.
807 2428 954 2487 Aeolis
976 2436 1084 2488 ortus
1107 2430 1276 2491 cardine.

142 2536 171 2594 3.
197 2533 251 2590 Per
271 2533 428 2605 Rapbaelis
450 2532 553 2590 merita
758 2533 786 2595 7.
810 2532 874 2590 Lux
895 2536 927 2589 ut
950 2530 1148 2590 deficientibus

195 2618 376 2679 Cbarismata
399 2617 553 2690 custodies,
809 2616 900 2675 Nobis
923 2617 1046 2676 donetur
1068 2617 1195 2689 coelitus,

196 2704 240 2762 Ne
263 2711 361 2762 nostra
383 2720 448 2776 spes
472 2706 509 2760 sit
532 2704 624 2780 irrita,
811 2703 963 2777 Rogamus,
987 2703 1092 2762 nostris
1114 2702 1265 2768 mentibus.

192 2789 369 2860 Christe,
406 2790 468 2862 qui
503 2789 566 2846 lux
599 2804 637 2845 es
669 2796 705 2846 et
811 2788 924 2859 Veni,
956 2796 1113 2848 creator
1141 2788 1317 2862 spiritus.

500 2875 592 2938 dies.

143 2981 172 3038 4.
196 2978 252 3036 llic
275 2976 489 3050 paranymphus
513 2977 622 3034 exstitit
757 2981 787 3039 8.
810 2977 995 3049 Quaesumus,
1018 2983 1119 3035 auctor
1141 2969 1275 3050 omnium,

193 3063 302 3123 Tobiae
322 3064 422 3122 Sarum
447 3061 606 3138 foederans,
811 3062 843 3121 lu
867 3063 921 3121 boc
943 3062 1071 3135 paschali
1094 3063 1198 3136 gaudio

197 3149 290 3207 Vitam
314 3163 437 3220 opesque
460 3148 606 3220 praestitit
809 3147 856 3207 Ab
878 3148 954 3205 omni
976 3149 1076 3206 mortis
1097 3150 1206 3222 impetu

193 3235 294 3293 Eidem
317 3235 380 3306 ipse
402 3233 549 3293 miserans.
811 3233 902 3291 Tuum
926 3231 1050 3292 deiende
1072 3235 1218 3308 populum.

210 3354 283 3403 Brev.
310 3354 455 3402 liornaunm
475 3353 537 3416 imp.
559 3347 636 3402 15**.
660 3379 694 3388 —
712 3346 737 3410 3,
755 3347 772 3400 2
790 3349 991 3402 charismatum.
1010 3379 1042 3387 -
1061 3347 1086 3410 3,
1103 3348 1120 3401 3
1138 3354 1178 3402 Na
1197 3353 1269 3403 fehlt.
1286 3378 1318 3387 -

142 3419 165 3478 5,
184 3418 200 3469 ‘2
220 3423 260 3470 llb
279 3421 351 3472 follit.
372 3449 403 3456 -
423 3418 446 3481 5,
465 3419 482 3469 4
500 3420 540 3470 Ab
558 3422 629 3471 cauci
648 3419 775 3470 Thobiae.

539 3670 601 3728 tto.
637 3670 674 3726 llo
693 3672 791 3726 sancto
809 3670 921 3726 Severo.

629 3808 672 3863 Ad
690 3808 829 3877 vesperas.

146 3956 174 4016 1.
198 3956 271 4025 dvo,
295 3955 409 4026 praesul
433 3954 622 4024 Barcinonae,
761 3953 790 4012 2.
814 3951 990 4010 Barcinonae
1012 3951 1175 4028 incolatum,

240 4042 312 4116 Ave,
337 4048 420 4112 pater
442 4039 579 4116 piissime,
855 4037 943 4109 Cujus
965 4052 996 4094 es
1018 4036 1162 4110 indigena,

199 4129 270 4199 Ave,
294 4126 365 4182 civis
388 4132 486 4183 noster
508 4125 590 4198 bone,
816 4121 934 4180 Mutasti
958 4123 994 4179 ad
1019 4122 1108 4180 locom
1133 4129 1253 4195 gratum,

240 4211 325 4268 Miles
348 4210 543 4280 invictissime,
861 4207 917 4267 Ubi
940 4223 1003 4265 eras
1025 4209 1145 4279 advena,

197 4297 290 4355 Melos
312 4312 392 4353 sume
413 4295 506 4369 plebis
528 4311 636 4368 pronao
815 4292 872 4351 Sed
894 4293 1007 4351 traxisti
1029 4294 1066 4352 ad
1089 4294 1215 4351 innatum

241 4383 282 4439 To
304 4382 460 4454 laudantis,
484 4382 600 4453 optime.
856 4378 980 4452 Pignora
1002 4380 1152 4453 terrigena
