2918 4868
632 275 867 342 ..242-

493 456 522 515 6.
546 451 598 509 Vir
619 467 700 511 sacer
722 452 871 526 equuleum
892 466 1031 525 superans

547 537 651 597 Cetera
674 537 740 597 dira
760 536 873 611 subegit
893 553 991 607 ovans,

547 622 657 683 Ultimo
680 622 770 681 sectio
792 639 875 700 quem
897 621 1000 696 capitis

545 707 680 782 Martyrii
704 708 822 766 decorat
844 709 945 769 titulis.

498 831 528 888 7.
551 828 622 898 Nos,
645 833 729 901 pater
750 828 834 899 alme,
857 827 906 901 pio
927 826 1038 885 medico

548 914 642 987 Junge
664 918 729 971 tuae
751 913 846 985 precis
869 912 1009 982 antidoto,

549 1001 670 1059 Pectora
692 998 789 1056 saucia
810 1014 866 1072 quo
889 997 967 1057 vitiis

550 1083 707 1143 Purificans
729 1084 821 1141 socies
843 1083 964 1156 superis.

496 1208 524 1266 8.
548 1203 657 1280 Gloria,
680 1204 743 1262 laus
766 1210 794 1262 ot
816 1203 907 1262 honor
927 1204 1022 1276 genito

551 1290 621 1348 Cum
643 1295 726 1362 patre
746 1289 916 1362 spirituique
938 1303 1030 1360 sacro,

550 1378 640 1447 Quo.
665 1418 672 1433 .
697 1418 705 1434 .
730 1420 738 1434 .
760 1374 816 1433 iter
839 1375 950 1446 doceat,

549 1461 632 1519 Mens
652 1460 728 1533 quod
751 1460 788 1518 ad
811 1467 890 1518 astra
911 1460 1011 1519 volans
1034 1464 1138 1517 teneat.

235 1579 311 1627 Brev.
331 1593 378 1628 ms.
397 1579 557 1629 Pinnatense
577 1593 646 1628 saco.
667 1574 705 1628 14.
724 1580 761 1628 in.
774 1576 836 1627 Cod.
850 1577 994 1628 Scoriaion.
1013 1592 1031 1641 g
1048 1577 1086 1626 IV
1103 1573 1145 1625 29.
1166 1603 1193 1608 -
1218 1573 1239 1633 1,
1257 1571 1273 1624 3
1293 1575 1345 1624 huo

163 1649 248 1710 oanit3
273 1647 336 1696 lies:
355 1648 486 1698 eximius?
513 1673 543 1680 —
567 1645 589 1707 1,
608 1643 625 1696 4
642 1647 702 1697 lies:
728 1648 834 1696 socius?
857 1671 889 1679 -
908 1642 932 1704 3,
951 1642 968 1695 3
985 1645 1048 1695 lies:
1068 1644 1208 1694 Perderet'?
1232 1669 1265 1677 —
1284 1641 1344 1704 4,2

164 1732 204 1780 sq.
231 1715 321 1766 lauton
349 1717 377 1765 in
408 1715 454 1766 dor
479 1717 541 1766 Hm:
568 1715 648 1766 vehat
672 1714 706 1764 ad
729 1730 838 1780 superos
860 1713 904 1763 hie
925 1715 1046 1763 dominus
1070 1712 1147 1762 docet
1170 1713 1273 1777 imperii
1299 1727 1345 1776 per

164 1783 307 1835 lavacrum.
325 1809 359 1819 -
376 1781 400 1845 5,
418 1781 436 1835 4
454 1786 598 1850 Disperire.
616 1808 649 1819 -
672 1781 696 1843 7,
714 1781 731 1832 2
748 1785 821 1834 Tuae
835 1783 926 1848 jungo.
944 1811 978 1819 -
996 1780 1020 1841 t,
1038 1779 1055 1831 4
1073 1782 1168 1832 socios.

548 2001 609 2058 422.
644 2000 683 2059 iio
701 2004 801 2059 saneta
819 1999 952 2059 Praxodc.

657 2121 701 2176 Ad
718 2122 859 2191 vesperas.

168 2248 195 2307 1.
219 2246 243 2304 0
264 2244 357 2318 beata,
380 2263 454 2321 quae
475 2246 584 2316 beasti,
783 2251 812 2307 4.
835 2249 878 2306 Te
900 2251 1021 2321 rogante
1042 2247 1118 2305 desit
1137 2246 1227 2304 onmis

262 2332 362 2406 Regna
384 2332 460 2406 regis
483 2333 615 2406 duplicis,
878 2333 967 2407 pestis
986 2332 1023 2391 ab
1044 2332 1089 2390 his
1111 2330 1225 2405 finibus,

220 2415 369 2494 Francise‚
391 2418 605 2495 MaJoricsrum
837 2418 922 2477 Adsit
944 2417 1035 2476 imber
1055 2423 1241 2490 temperatus,

263 2503 423 2562 incessuri
446 2504 585 2577 corporis,
879 2509 957 2562 terra
979 2519 1094 2576 germen
1116 2501 1240 2573 adierat,

218 2587 300 2659 Quod
323 2589 352 2647 in
373 2588 445 2646 urbe
467 2604 518 2647 rex
540 2589 646 2649 locavit
838 2588 876 2649 Ut
899 2588 982 2647 bonis
1004 2595 1099 2646 terrae
1118 2587 1226 2661 juvatis

266 2673 357 2732 victor
378 2673 434 2732 istu
455 2673 590 2734 Jacobus.
879 2674 940 2733 uita
962 2673 1068 2732 dentur
1085 2689 1213 2733 munera.

172 2780 201 2837 2.
224 2775 335 2835 Cuncta
356 2775 438 2834 nobis
460 2775 535 2835 bona
557 2792 652 2850 posue,
784 2782 811 2838 5.
839 2777 897 2835 Nos
919 2775 956 2835 ab
978 2777 1053 2835 omni
1077 2775 1270 2847 barbarorum

267 2867 295 2919 te
316 2876 469 2934 precamur
492 2862 651 2940 Praxeden,
880 2862 971 2920 redde
994 2867 1070 2920 tutos
1092 2862 1210 2934 impetn,

221 2946 261 3005 Et
282 2946 318 3006 ab
341 2944 425 3019 hrrjus
446 2943 529 3006 aufer
550 2947 630 3006 urbis
837 2949 915 3009 Crux
936 2946 1031 3006 fidelis
1051 2952 1079 3004 to
1098 2948 1217 3018 juvante

265 3037 350 3106 gente
373 3031 469 3090 cordis
491 3033 597 3104 odium,
882 3033 978 3091 vineat
1000 3048 1098 3091 omnes
1121 3032 1269 3107 barbaros,

223 3118 264 3176 Te
286 3125 423 3190 precante
445 3118 520 3192 regis
542 3119 594 3177 alti
840 3119 880 3178 Et
901 3135 989 3192 super
1010 3125 1128 3177 cunctos
1151 3123 1270 3178 vocetur

266 3202 391 3275 gaudeat
413 3204 565 3266 consortio.
881 3204 1012 3262 Christus
1036 3220 1086 3261 rex
1105 3204 1270 3261 altissimus.

170 3309 199 3367 3.
222 3306 364 3379 Optimus,
388 3322 517 3378 precare,
541 3322 640 3365 sensus
785 3310 813 3367 6.
837 3305 925 3364 istius
947 3311 976 3363 et
998 3312 1062 3377 post
1084 3321 1229 3363 recursum

264 3391 374 3450 insulae
396 3391 434 3449 sit
455 3392 593 3468 praesidi,
881 3390 1018 3464 temporis
1041 3390 1202 3450 brevissimi

223 3475 333 3536 Ceteris
354 3477 442 3535 dones
465 3494 599 3548 amorem,
835 3476 932 3536 Matre
954 3480 1103 3549 tecumque
1125 3481 1262 3549 precante

267 3562 356 3635 virgo,
380 3560 586 3636 reipublicae,
879 3561 955 3635 regis
976 3561 1044 3619 almi
1069 3562 1179 3635 virgine

225 3646 355 3720 Optimus
379 3646 448 3705 dent
469 3649 594 3706 rationes
838 3652 914 3706 Arce
937 3664 1045 3706 summu
1067 3645 1252 3720 perimamur

265 3732 388 3791 omnium
410 3733 578 3793 rectoribus.
879 3734 1043 3806 angelorum
1066 3732 1179 3807 gaudio.

520 3837 548 3898 7.
571 3835 647 3894 Laus
669 3836 746 3909 patri
764 3835 848 3894 simul
871 3841 900 3893 et
921 3836 1006 3909 proli,

616 3929 714 3979 nostra
735 3937 854 3995 quorum
876 3936 994 3980 munero

571 4007 668 4065 Insula
690 4006 829 4067 Prarodis
851 4007 944 4065 ulmae

615 4098 716 4151 vernat
738 4093 797 4151 ulto
817 4092 939 4160 nomino,

573 4178 728 4237 Fortitudo
750 4193 862 4251 sempor
883 4177 951 4235 insit

615 4270 643 4321 et
665 4280 797 4337 supremo
817 4261 933 4322 flumini.

237 4381 314 4432 Brur.
332 4379 507 4445 Majoricense
524 4383 585 4447 imp.
604 4381 723 4433 Venetiis
744 4376 817 4432 1506.
