2918 4868
659 297 871 361 „66-

180 479 208 535 5.
232 474 336 534 Omnes
359 473 490 545 suspensi
513 471 654 544 capitibus
791 476 820 533 6.
844 470 951 529 Solutis
974 487 992 528 a
1013 469 1149 542 patibulis

230 561 335 618 Petunt
357 558 411 617 Dei
435 557 585 630 magnalia,
845 555 1026 628 Sepulturam
1050 555 1218 628 corporibus

229 645 303 702 Bina
325 644 400 702 dona
422 641 581 701 colentibus
845 641 1063 713 Consequentur
1085 640 1121 698 ab
1144 640 1252 714 angelis

231 730 324 800 Hujus
346 727 421 787 festa
441 728 589 788 solemnia.
845 726 928 785 Datis
943 727 1006 785 Deo
1029 725 1187 799 spiritibus.

537 832 564 890 7.
588 831 677 888 Trino
698 830 761 889 Deo
783 834 812 886 et
832 828 950 900 implici.

247 949 322 997 Brev.
342 947 405 998 Corn
425 947 582 998 ostellanum
607 951 669 1013 imp.
688 947 844 1011 Ulisiponae
864 942 936 995 1497.
956 947 985 995 Β.
1004 975 1036 981 -
1057 946 1130 993 Brev.
1149 943 1277 997 Aurienne
1293 948 1357 1011 imp.

177 1010 356 1150 ῗέἐζιθᾜίξαο
377 1014 388 1066 l
428 1013 450 1067 1.
469 1019 498 1067 Β.
517 1045 549 1052 -
569 1013 598 1077 3,
617 1013 633 1066 2
652 1018 677 1066 ei
694 1015 749 1065 ΑΒ.
767 1041 799 1050 -
819 1010 849 1077 3,
866 1011 883 1065 4
902 1015 986 1064 vincit
1003 1013 1057 1063 AB.
1073 1039 1105 1049 -
1123 1011 1154 1074 5,
1175 1012 1187 1064 1
1207 1016 1281 1065 Lies:
1304 1017 1357 1078 Qui

579 1285 621 1341 82.
660 1283 698 1342 lle
717 1285 814 1340 sancto
831 1281 958 1356 Aegidio.

667 1421 710 1476 Ad
727 1421 868 1490 Vesperas.

388 1566 415 1625 1.
439 1564 562 1623 Athenis
584 1564 678 1622 editos
701 1564 736 1622 de
757 1564 848 1635 stirpe
871 1563 950 1636 regia

440 1652 527 1709 Patre
549 1649 710 1725 Theodoro,
734 1656 826 1707 matrc
849 1648 974 1724 Pelagio,

442 1735 562 1793 Sanctus
584 1735 724 1806 Aegidins
746 1750 764 1792 a
784 1733 909 1807 pueritia

442 1819 611 1878 Praeclarus
633 1819 744 1879 exstitit
765 1820 909 1892 signorum
933 1819 1035 1892 gratia

387 1975 416 2032 2.
440 1973 571 2031 Electum
594 1972 713 2030 coelitus
735 1988 786 2031 vas
808 1973 870 2029 auri
892 1971 1014 2029 solidum

442 2058 499 2116 Per
520 2064 629 2117 vestem
651 2057 763 2129 inopem
788 2057 891 2116 ditavit
912 2055 1086 2133 languidum,

443 2143 572 2202 Salvavit
590 2143 677 2201 alium
699 2158 808 2202 veneno
830 2142 978 2212 tumidum,

442 2229 561 2286 Hostem
584 2227 621 2287 ab
643 2227 757 2287 bomine
779 2225 889 2301 fugarit
911 2226 1049 2286 invidum.

391 2383 420 2442 8.
444 2381 526 2440 Vana
548 2380 709 2454 despiciens
730 2380 830 2439 mundi
853 2379 1014 2453 praeconia,

444 2467 583 2528 Goelestis
606 2467 716 2539 gratiae
739 2482 878 2539 quaerens
900 2465 1024 2544 insignia

445 2551 558 2610 Natalis
579 2552 690 2623 patriae
712 2552 843 2624 linquens
866 2548 987 2609 confinia

443 2635 492 2693 Fit
512 2636 657 2694 solitarius
678 2637 708 2694 in
730 2636 915 2709 Septimania.

393 2792 422 2849 4.
445 2789 577 2847 Vallatus
599 2789 724 2862 undique
747 2791 864 2848 coelesti
881 2790 987 2847 lumine

445 2874 532 2933 Sacro
556 2874 686 2933 reficitur
708 2875 815 2934 Christi
836 2875 982 2946 libamine,

448 2959 506 3020 Ubi
530 2975 591 3017 cum
616 2960 741 3018 lacrimis
765 2958 828 3019 fuso
850 2960 1012 3033 precamine

445 3045 620 3104 Francorum
643 3046 802 3119 principem
825 3046 910 3105 solvit
932 3064 950 3104 a
972 3044 1101 3106 crimine.

394 3201 422 3259 5.
444 3198 573 3256 Tandem
596 3199 727 3260 Christus
750 3215 813 3256 eum
837 3199 873 3256 de
895 3198 994 3256 mundi
1018 3213 1135 3256 carcere

445 3283 533 3342 Jubet
555 3283 679 3342 feliciter
702 3284 795 3342 coelos
816 3284 982 3357 ascendere,

448 3369 543 3442 Signa,
567 3386 639 3442 quae
662 3370 768 3427 celebri
792 3369 946 3441 complevit
966 3383 1061 3440 opere,

445 3457 522 3527 Quae
543 3472 607 3529 vor,
631 3472 702 3528 quae
723 3455 830 3527 poterit
852 3454 948 3527 lingua
969 3457 1112 3511 retexere.

392 3610 420 3668 6.
445 3607 579 3665 Trinitati
602 3622 727 3665 summae
749 3607 867 3679 Deoque
889 3605 1012 3679 simplici

445 3693 635 3751 Decautemus
659 3693 794 3766 hymnum
815 3691 919 3749 affectu
941 3691 1075 3764 supplici,

447 3777 539 3838 Utin
562 3778 691 3836 examine
714 3795 777 3836 cum
799 3778 874 3837 stola
896 3777 1004 3849 duplici

446 3863 635 3922 Occurramus
658 3864 701 3921 illi
723 3879 855 3936 supremo
871 3862 973 3934 judici.

255 3981 353 4044 Hymn.
378 3997 424 4031 me.
452 3981 609 4031 Praedieatt.
635 3982 768 4031 l'alentin.
792 3996 860 4031 saec.
884 3977 951 4029 ¹⁴l1o.
977 3979 1039 4030 Ood.
1058 3981 1146 4044 Capit.
1165 3980 1270 4031 Valent
1294 3994 1315 4027 e.
1340 3997 1366 4029 n.

187 4049 218 4098 Α.
237 4075 270 4084 -
289 4049 365 4098 Brev.
382 4048 557 4112 Majoricense
577 4051 638 4113 imp.
658 4051 777 4100 Venetiis
798 4046 870 4099 1506.
890 4050 918 4097 Β.
937 4074 971 4082 -
991 4046 1013 4108 l,
1034 4046 1046 4096 l
1066 4048 1098 4098 de
1116 4048 1182 4098 fehlt
1199 4048 1229 4098 B.
1249 4075 1280 4083 -
1300 4048 1367 4098 Jede

186 4119 270 4167 vierte
288 4117 360 4166 Zeila
387 4119 423 4166 ist
446 4119 475 4166 in
493 4118 527 4171 Β,
553 4117 670 4167 offenbar
692 4118 739 4167 der
755 4117 869 4167 Melodie
888 4133 991 4182 wegon,
1017 4116 1169 4167 veriudert:
1196 4113 1224 4178 1,
1246 4112 1369 4166 bruleio

187 4187 323 4302 leffe
341 4183 575 4303 amitti
594 4181 1107 4303 intermissi-intiorivi-b
1126 4183 1369 4304 trenta

188 4290 297 4373 crimine
316 4289 345 4371 1'3
364 4347 397 4357 -
415 4319 438 4381 5,
457 4320 474 4371 4
492 4322 559 4383 Quis
579 4270 664 4387 gomet
681 4327 755 4372 tanta
773 4291 859 4372 dicero
879 4290 909 4371 B:
925 4347 959 4358 -
977 4319 1001 4383 6,
1024 4319 1035 4371 l
1055 4291 1105 4388 que
1124 4320 1190 4372 fehlt
1207 4321 1237 4371 B.
1256 4346 1289 4356 -
1307 4270 1368 4382 6133

188 4392 216 4441 in
234 4393 320 4442 emine
336 4391 369 4442 Δ.
386 4418 420 4428 -
437 4389 462 4456 6,
481 4388 499 4442 4
516 4389 615 4442 Eamus
634 4407 696 4442 vero
710 4390 803 4456 judici.
