<?xml version="1.0" encoding="UTF-8"?>
<!DOCTYPE html PUBLIC "-//W3C//DTD XHTML 1.0 Transitional//EN"
    "http://www.w3.org/TR/xhtml1/DTD/xhtml1-transitional.dtd">
<html xmlns="http://www.w3.org/1999/xhtml" xml:lang="en" lang="en">
 <head>
  <title>
</title>
<meta http-equiv="Content-Type" content="text/html;charset=utf-8" />
  <meta name='ocr-system' content='tesseract 3.04.00' />
  <meta name='ocr-capabilities' content='ocr_page ocr_carea ocr_par ocr_line ocrx_word'/>
</head>
<body>
  <div class='ocr_page' id='page_1' title='image "./hymnodiahiberic00drevgoog_0424.png"; bbox 0 0 2918 4868; ppageno 0'>
   <div class='ocr_carea' id='block_1_1' title="bbox 629 253 858 318">
    <p class='ocr_par' dir='ltr' id='par_1_1' title="bbox 629 253 858 318">
     <span class='ocr_line' id='line_1_1' title="bbox 629 253 858 318; baseline 0 0"><span class='ocrx_word' id='word_1_1' title='bbox 629 253 858 318; x_wconf 81' lang='lat'>-127-</span> 
     </span>
    </p>
   </div>
   <div class='ocr_carea' id='block_1_2' title="bbox 168 427 666 759">
    <p class='ocr_par' dir='ltr' id='par_1_2' title="bbox 168 427 660 590">
     <span class='ocr_line' id='line_1_2' title="bbox 168 427 481 490; baseline -0.013 0"><span class='ocrx_word' id='word_1_2' title='bbox 168 434 197 490; x_wconf 90' lang='lat'>3.</span> <span class='ocrx_word' id='word_1_3' title='bbox 220 429 310 488; x_wconf 88' lang='lat' dir='ltr'>Lucia</span> <span class='ocrx_word' id='word_1_4' title='bbox 332 427 481 488; x_wconf 88' lang='lat' dir='ltr'>luciferum</span> 
     </span>
     <span class='ocr_line' id='line_1_3' title="bbox 259 513 660 590; baseline -0.007 -17"><span class='ocrx_word' id='word_1_5' title='bbox 259 515 419 574; x_wconf 83' lang='lat' dir='ltr'>radiantem</span> <span class='ocrx_word' id='word_1_6' title='bbox 442 515 567 587; x_wconf 85' lang='lat' dir='ltr'>parturit</span> <span class='ocrx_word' id='word_1_7' title='bbox 588 513 660 590; x_wconf 90' lang='lat' dir='ltr'>orbi,</span> 
     </span>
    </p>

    <p class='ocr_par' dir='ltr' id='par_1_3' title="bbox 219 600 666 759">
     <span class='ocr_line' id='line_1_4' title="bbox 219 600 502 674; baseline 0.004 -15"><span class='ocrx_word' id='word_1_8' title='bbox 219 601 321 659; x_wconf 85' lang='lat' dir='ltr'>Sidere</span> <span class='ocrx_word' id='word_1_9' title='bbox 343 617 398 674; x_wconf 90' lang='lat' dir='ltr'>quo</span> <span class='ocrx_word' id='word_1_10' title='bbox 424 600 502 660; x_wconf 87' lang='lat' dir='ltr'>claro</span> 
     </span>
     <span class='ocr_line' id='line_1_5' title="bbox 258 686 666 759; baseline 0 -15"><span class='ocrx_word' id='word_1_11' title='bbox 258 703 327 759; x_wconf 83' lang='lat' dir='ltr'>gens</span> <span class='ocrx_word' id='word_1_12' title='bbox 349 686 489 745; x_wconf 83' lang='lat' dir='ltr'>Toletano</span> <span class='ocrx_word' id='word_1_13' title='bbox 510 690 666 744; x_wconf 91' lang='lat' dir='ltr'>corruscat.</span> 
     </span>
    </p>
   </div>
   <div class='ocr_carea' id='block_1_3' title="bbox 169 820 628 1066">
    <p class='ocr_par' dir='ltr' id='par_1_4' title="bbox 169 820 628 1066">
     <span class='ocr_line' id='line_1_6' title="bbox 169 820 506 899; baseline -0.015 -16"><span class='ocrx_word' id='word_1_14' title='bbox 169 826 198 883; x_wconf 84' lang='lat'>4.</span> <span class='ocrx_word' id='word_1_15' title='bbox 222 822 368 899; x_wconf 78' lang='lat' dir='ltr'>Eugenius</span> <span class='ocrx_word' id='word_1_16' title='bbox 390 820 506 895; x_wconf 89' lang='lat' dir='ltr'>praesul</span> 
     </span>
     <span class='ocr_line' id='line_1_7' title="bbox 260 906 628 983; baseline -0.003 -18"><span class='ocrx_word' id='word_1_17' title='bbox 260 907 384 981; x_wconf 88' lang='lat' dir='ltr'>pueriles</span> <span class='ocrx_word' id='word_1_18' title='bbox 406 906 509 965; x_wconf 85' lang='lat' dir='ltr'><strong>imbuit</strong></span> <span class='ocrx_word' id='word_1_19' title='bbox 529 923 628 983; x_wconf 89' lang='lat' dir='ltr'>annos,</span> 
     </span>
     <span class='ocr_line' id='line_1_8' title="bbox 223 993 556 1066; baseline -0.012 -12"><span class='ocrx_word' id='word_1_20' title='bbox 223 993 276 1054; x_wconf 87' lang='lat' dir='ltr'>Cui</span> <span class='ocrx_word' id='word_1_21' title='bbox 291 993 391 1066; x_wconf 87' lang='lat' dir='ltr'>juveni</span> <span class='ocrx_word' id='word_1_22' title='bbox 413 993 556 1051; x_wconf 81' lang='lat' dir='ltr'>excellens</span> 
     </span>
    </p>
   </div>
   <div class='ocr_carea' id='block_1_4' title="bbox 836 427 1272 744">
    <p class='ocr_par' dir='ltr' id='par_1_5' title="bbox 836 427 1101 499">
     <span class='ocr_line' id='line_1_9' title="bbox 836 427 1101 499; baseline -0.015 -11"><span class='ocrx_word' id='word_1_23' title='bbox 836 429 860 488; x_wconf 92' lang='grc'>0</span> <span class='ocrx_word' id='word_1_24' title='bbox 879 427 1008 499; x_wconf 90' lang='lat' dir='ltr'>jucunda</span> <span class='ocrx_word' id='word_1_25' title='bbox 1030 427 1101 499; x_wconf 85' lang='lat' dir='ltr'>dies,</span> 
     </span>
    </p>

    <p class='ocr_par' dir='ltr' id='par_1_6' title="bbox 837 511 1272 657">
     <span class='ocr_line' id='line_1_10' title="bbox 873 511 1272 586; baseline -0.008 -15"><span class='ocrx_word' id='word_1_26' title='bbox 873 529 930 585; x_wconf 88' lang='lat' dir='ltr'>qua</span> <span class='ocrx_word' id='word_1_27' title='bbox 951 511 1077 586; x_wconf 80' lang='lat' dir='ltr'>gaudens</span> <span class='ocrx_word' id='word_1_28' title='bbox 1098 513 1177 571; x_wconf 88' lang='lat' dir='ltr'>curia</span> <span class='ocrx_word' id='word_1_29' title='bbox 1198 513 1272 571; x_wconf 92' lang='lat' dir='ltr'>coeli</span> 
     </span>
     <span class='ocr_line' id='line_1_11' title="bbox 837 596 1131 657; baseline -0.003 0"><span class='ocrx_word' id='word_1_30' title='bbox 837 596 957 657; x_wconf 79' lang='lat' dir='ltr'>Allonso</span> <span class='ocrx_word' id='word_1_31' title='bbox 978 612 1131 656; x_wconf 88' lang='lat' dir='ltr'>occurrens</span> 
     </span>
    </p>

    <p class='ocr_par' dir='ltr' id='par_1_7' title="bbox 873 680 1267 744">
     <span class='ocr_line' id='line_1_12' title="bbox 873 680 1267 744; baseline 0.005 -2"><span class='ocrx_word' id='word_1_32' title='bbox 873 688 987 743; x_wconf 87' lang='lat' dir='ltr'>sacrata</span> <span class='ocrx_word' id='word_1_33' title='bbox 1008 684 1037 742; x_wconf 88' lang='lat' dir='ltr'>in</span> <span class='ocrx_word' id='word_1_34' title='bbox 1060 683 1129 742; x_wconf 82' lang='lat' dir='ltr'>sede</span> <span class='ocrx_word' id='word_1_35' title='bbox 1150 680 1267 744; x_wconf 86' lang='lat' dir='ltr'>locavit.</span> 
     </span>
    </p>
   </div>
   <div class='ocr_carea' id='block_1_5' title="bbox 896 853 1211 1036">
    <p class='ocr_par' dir='ltr' id='par_1_8' title="bbox 896 853 1211 1036">
     <span class='ocr_line' id='line_1_13' title="bbox 896 853 1211 926; baseline 0.003 -12"><span class='ocrx_word' id='word_1_36' title='bbox 896 855 937 914; x_wconf 91' lang='lat' dir='ltr'>In</span> <span class='ocrx_word' id='word_1_37' title='bbox 960 857 990 916; x_wconf 83' lang='lat'>2.</span> <span class='ocrx_word' id='word_1_38' title='bbox 1013 853 1211 926; x_wconf 84' lang='lat' dir='ltr'>Vesperis.</span> 
     </span>
     <span class='ocr_line' id='line_1_14' title="bbox 944 969 1164 1036; baseline 0.005 -14"><span class='ocrx_word' id='word_1_39' title='bbox 944 971 985 1022; x_wconf 78' lang='lat' dir='ltr'>nd</span> <span class='ocrx_word' id='word_1_40' title='bbox 1003 969 1164 1036; x_wconf 76' lang='lat' dir='ltr'>Magnificat</span> 
     </span>
    </p>
   </div>
   <div class='ocr_carea' id='block_1_6' title="bbox 261 1077 1178 1153">
    <p class='ocr_par' dir='ltr' id='par_1_9' title="bbox 261 1077 1178 1153">
     <span class='ocr_line' id='line_1_15' title="bbox 261 1077 1178 1153; baseline -0.004 -15"><span class='ocrx_word' id='word_1_41' title='bbox 261 1079 390 1139; x_wconf 85' lang='lat' dir='ltr'>Isidorus</span> <span class='ocrx_word' id='word_1_42' title='bbox 414 1078 514 1152; x_wconf 80' lang='lat' dir='ltr'><strong>dogma</strong></span> <span class='ocrx_word' id='word_1_43' title='bbox 538 1077 684 1151; x_wconf 86' lang='lat' dir='ltr'>propinat.</span> <span class='ocrx_word' id='word_1_44' title='bbox 772 1079 809 1139; x_wconf 78' lang='lat' dir='ltr'>A.</span> <span class='ocrx_word' id='word_1_45' title='bbox 834 1077 952 1151; x_wconf 84' lang='lat' dir='ltr'>Plaude,</span> <span class='ocrx_word' id='word_1_46' title='bbox 975 1077 1105 1153; x_wconf 89' lang='lat' dir='ltr'>Zumora,</span> <span class='ocrx_word' id='word_1_47' title='bbox 1129 1081 1178 1135; x_wconf 92' lang='lat' dir='ltr'>tao</span> 
     </span>
    </p>
   </div>
   <div class='ocr_carea' id='block_1_7' title="bbox 171 1214 678 1544">
    <p class='ocr_par' dir='ltr' id='par_1_10' title="bbox 171 1214 678 1544">
     <span class='ocr_line' id='line_1_16' title="bbox 171 1214 523 1287; baseline -0.014 -11"><span class='ocrx_word' id='word_1_48' title='bbox 171 1221 200 1277; x_wconf 86' lang='lat'>5.</span> <span class='ocrx_word' id='word_1_49' title='bbox 224 1216 382 1275; x_wconf 87' lang='lat' dir='ltr'>Coelcstem</span> <span class='ocrx_word' id='word_1_50' title='bbox 406 1214 523 1287; x_wconf 91' lang='lat' dir='ltr'>cupiens</span> 
     </span>
     <span class='ocr_line' id='line_1_17' title="bbox 262 1298 642 1372; baseline -0.005 -12"><span class='ocrx_word' id='word_1_51' title='bbox 262 1298 399 1360; x_wconf 82' lang='lat' dir='ltr'>Alionsas</span> <span class='ocrx_word' id='word_1_52' title='bbox 422 1301 527 1359; x_wconf 90' lang='lat' dir='ltr'>ducere</span> <span class='ocrx_word' id='word_1_53' title='bbox 545 1301 642 1372; x_wconf 88' lang='lat' dir='ltr'>vitam,</span> 
     </span>
     <span class='ocr_line' id='line_1_18' title="bbox 223 1386 540 1460; baseline -0.009 -14"><span class='ocrx_word' id='word_1_54' title='bbox 223 1387 350 1460; x_wconf 82' lang='lat' dir='ltr'><strong>Angelus</strong></span> <span class='ocrx_word' id='word_1_55' title='bbox 373 1386 402 1444; x_wconf 90' lang='lat' dir='ltr'>in</span> <span class='ocrx_word' id='word_1_56' title='bbox 425 1401 540 1444; x_wconf 80' lang='lat' dir='ltr'>munem</span> 
     </span>
     <span class='ocr_line' id='line_1_19' title="bbox 262 1471 678 1544; baseline 0 -12"><span class='ocrx_word' id='word_1_57' title='bbox 262 1473 334 1532; x_wconf 83' lang='lat' dir='ltr'>vixit</span> <span class='ocrx_word' id='word_1_58' title='bbox 356 1472 418 1531; x_wconf 87' lang='lat' dir='ltr'>siue</span> <span class='ocrx_word' id='word_1_59' title='bbox 440 1487 525 1530; x_wconf 92' lang='lat' dir='ltr'>carne</span> <span class='ocrx_word' id='word_1_60' title='bbox 548 1471 678 1544; x_wconf 91' lang='lat' dir='ltr'>pudicus.</span> 
     </span>
    </p>
   </div>
   <div class='ocr_carea' id='block_1_8' title="bbox 331 1657 555 1709">
    <p class='ocr_par' dir='ltr' id='par_1_11' title="bbox 331 1657 555 1709">
     <span class='ocr_line' id='line_1_20' title="bbox 331 1657 555 1709; baseline -0.013 0"><span class='ocrx_word' id='word_1_61' title='bbox 331 1659 371 1709; x_wconf 80' lang='lat' dir='ltr'>Ad</span> <span class='ocrx_word' id='word_1_62' title='bbox 390 1657 555 1709; x_wconf 69' lang='lat' dir='ltr'>Benedictus.</span> 
     </span>
    </p>
   </div>
   <div class='ocr_carea' id='block_1_9' title="bbox 158 1762 723 2092">
    <p class='ocr_par' dir='ltr' id='par_1_12' title="bbox 158 1762 723 2092">
     <span class='ocr_line' id='line_1_21' title="bbox 158 1762 532 1837; baseline -0.003 -15"><span class='ocrx_word' id='word_1_63' title='bbox 158 1765 195 1822; x_wconf 87' lang='grc' dir='ltr'>Α.</span> <span class='ocrx_word' id='word_1_64' title='bbox 220 1764 264 1822; x_wconf 88' lang='lat' dir='ltr'>Sit</span> <span class='ocrx_word' id='word_1_65' title='bbox 287 1763 439 1822; x_wconf 87' lang='lat' dir='ltr'>benedicta</span> <span class='ocrx_word' id='word_1_66' title='bbox 461 1762 532 1837; x_wconf 89' lang='lat' dir='ltr'>dies,</span> 
     </span>
     <span class='ocr_line' id='line_1_22' title="bbox 261 1847 723 1921; baseline 0 -14"><span class='ocrx_word' id='word_1_67' title='bbox 261 1865 317 1921; x_wconf 90' lang='lat' dir='ltr'>qua</span> <span class='ocrx_word' id='word_1_68' title='bbox 339 1847 478 1909; x_wconf 85' lang='lat' dir='ltr'>Altonsas</span> <span class='ocrx_word' id='word_1_69' title='bbox 500 1864 615 1908; x_wconf 89' lang='lat' dir='ltr'>carcere</span> <span class='ocrx_word' id='word_1_70' title='bbox 636 1848 723 1907; x_wconf 85' lang='lat' dir='ltr'>misso</span> 
     </span>
     <span class='ocr_line' id='line_1_23' title="bbox 225 1933 491 2007; baseline 0 -15"><span class='ocrx_word' id='word_1_71' title='bbox 225 1935 386 2007; x_wconf 88' lang='lat' dir='ltr'>Corporeas</span> <span class='ocrx_word' id='word_1_72' title='bbox 408 1933 491 1992; x_wconf 91' lang='lat' dir='ltr'>molis</span> 
     </span>
     <span class='ocr_line' id='line_1_24' title="bbox 262 2020 699 2092; baseline 0.002 -14"><span class='ocrx_word' id='word_1_73' title='bbox 262 2020 390 2092; x_wconf 79' lang='lat' dir='ltr'>paradisi</span> <span class='ocrx_word' id='word_1_74' title='bbox 413 2020 544 2079; x_wconf 86' lang='lat' dir='ltr'>aseendit</span> <span class='ocrx_word' id='word_1_75' title='bbox 564 2036 699 2092; x_wconf 83' lang='lat' dir='ltr'>amoeua3</span> 
     </span>
    </p>
   </div>
   <div class='ocr_carea' id='block_1_10' title="bbox 837 1163 1323 2093">
    <p class='ocr_par' dir='ltr' id='par_1_13' title="bbox 837 1163 1264 1323">
     <span class='ocr_line' id='line_1_25' title="bbox 875 1163 1264 1235; baseline -0.008 -13"><span class='ocrx_word' id='word_1_76' title='bbox 875 1168 955 1222; x_wconf 89' lang='lat' dir='ltr'>tauto</span> <span class='ocrx_word' id='word_1_77' title='bbox 978 1163 1113 1222; x_wconf 86' lang='lat' dir='ltr'>decorata</span> <span class='ocrx_word' id='word_1_78' title='bbox 1133 1167 1264 1235; x_wconf 90' lang='lat' dir='ltr'>patrono,</span> 
     </span>
     <span class='ocr_line' id='line_1_26' title="bbox 837 1245 1152 1323; baseline 0 -17"><span class='ocrx_word' id='word_1_79' title='bbox 837 1248 920 1307; x_wconf 79' lang='lat' dir='ltr'>Felix</span> <span class='ocrx_word' id='word_1_80' title='bbox 942 1265 1015 1323; x_wconf 89' lang='lat' dir='ltr'>quae</span> <span class='ocrx_word' id='word_1_81' title='bbox 1037 1245 1152 1307; x_wconf 73' lang='lat' dir='ltr'>alfonsi</span> 
     </span>
    </p>

    <p class='ocr_par' dir='ltr' id='par_1_14' title="bbox 837 1332 1271 1489">
     <span class='ocr_line' id='line_1_27' title="bbox 877 1332 1271 1410; baseline 0 -18"><span class='ocrx_word' id='word_1_82' title='bbox 877 1334 1002 1394; x_wconf 88' lang='lat' dir='ltr'>candida</span> <span class='ocrx_word' id='word_1_83' title='bbox 1023 1332 1153 1393; x_wconf 87' lang='lat' dir='ltr'>membru</span> <span class='ocrx_word' id='word_1_84' title='bbox 1175 1338 1271 1410; x_wconf 73' lang='lat' dir='ltr'>tenes,</span> 
     </span>
     <span class='ocr_line' id='line_1_28' title="bbox 837 1418 1150 1489; baseline -0.006 -10"><span class='ocrx_word' id='word_1_85' title='bbox 837 1420 931 1480; x_wconf 92' lang='lat' dir='ltr'>Saltat</span> <span class='ocrx_word' id='word_1_86' title='bbox 948 1419 998 1478; x_wconf 91' lang='lat' dir='ltr'>ubi</span> <span class='ocrx_word' id='word_1_87' title='bbox 1021 1418 1150 1489; x_wconf 88' lang='lat' dir='ltr'>claudus,</span> 
     </span>
    </p>

    <p class='ocr_par' dir='ltr' id='par_1_15' title="bbox 838 1504 1293 1652">
     <span class='ocr_line' id='line_1_29' title="bbox 876 1504 1293 1583; baseline 0 -19"><span class='ocrx_word' id='word_1_88' title='bbox 876 1505 1036 1578; x_wconf 82' lang='lat' dir='ltr'>congaudet</span> <span class='ocrx_word' id='word_1_89' title='bbox 1054 1504 1161 1564; x_wconf 91' lang='lat' dir='ltr'>lumine</span> <span class='ocrx_word' id='word_1_90' title='bbox 1183 1521 1293 1583; x_wconf 87' lang='lat' dir='ltr'>caecas,</span> 
     </span>
     <span class='ocr_line' id='line_1_30' title="bbox 838 1593 1085 1652; baseline -0.008 0"><span class='ocrx_word' id='word_1_91' title='bbox 838 1593 895 1652; x_wconf 89' lang='lat' dir='ltr'>Ore</span> <span class='ocrx_word' id='word_1_92' title='bbox 917 1608 968 1650; x_wconf 89' lang='lat' dir='ltr'>suo</span> <span class='ocrx_word' id='word_1_93' title='bbox 989 1596 1085 1650; x_wconf 85' lang='lat' dir='ltr'>mutus</span> 
     </span>
    </p>

    <p class='ocr_par' dir='ltr' id='par_1_16' title="bbox 837 1675 1244 1837">
     <span class='ocr_line' id='line_1_31' title="bbox 880 1675 1244 1751; baseline 0.005 -15"><span class='ocrx_word' id='word_1_94' title='bbox 880 1677 1008 1750; x_wconf 87' lang='lat' dir='ltr'>pandere</span> <span class='ocrx_word' id='word_1_95' title='bbox 1031 1675 1119 1737; x_wconf 84' lang='lat' dir='ltr'>verba</span> <span class='ocrx_word' id='word_1_96' title='bbox 1140 1682 1244 1751; x_wconf 87' lang='lat' dir='ltr'>potest.</span> 
     </span>
     <span class='ocr_line' id='line_1_32' title="bbox 837 1762 1115 1837; baseline 0 -16"><span class='ocrx_word' id='word_1_97' title='bbox 837 1762 884 1821; x_wconf 80' lang='lat' dir='ltr'>Ad</span> <span class='ocrx_word' id='word_1_98' title='bbox 907 1768 936 1820; x_wconf 89' lang='lat' dir='ltr'>tc</span> <span class='ocrx_word' id='word_1_99' title='bbox 957 1762 1115 1837; x_wconf 77' lang='lat' dir='ltr'>gaudentes</span> 
     </span>
    </p>

    <p class='ocr_par' dir='ltr' id='par_1_17' title="bbox 839 1845 1323 2007">
     <span class='ocr_line' id='line_1_33' title="bbox 877 1845 1323 1920; baseline 0 -14"><span class='ocrx_word' id='word_1_100' title='bbox 877 1855 1050 1907; x_wconf 87' lang='lat' dir='ltr'>concurrunt</span> <span class='ocrx_word' id='word_1_101' title='bbox 1071 1846 1199 1920; x_wconf 89' lang='lat' dir='ltr'>undique</span> <span class='ocrx_word' id='word_1_102' title='bbox 1219 1845 1323 1906; x_wconf 87' lang='lat' dir='ltr'>turbae</span> 
     </span>
     <span class='ocr_line' id='line_1_34' title="bbox 839 1933 1131 2007; baseline 0 -15"><span class='ocrx_word' id='word_1_103' title='bbox 839 1933 970 2007; x_wconf 83' lang='lat' dir='ltr'>Senaque</span> <span class='ocrx_word' id='word_1_104' title='bbox 989 1934 1131 1993; x_wconf 87' lang='lat' dir='ltr'>reducunt</span> 
     </span>
    </p>

    <p class='ocr_par' dir='ltr' id='par_1_18' title="bbox 878 2018 1295 2093">
     <span class='ocr_line' id='line_1_35' title="bbox 878 2018 1295 2093; baseline 0.007 -17"><span class='ocrx_word' id='word_1_105' title='bbox 878 2018 1020 2091; x_wconf 90' lang='lat' dir='ltr'>morbida,</span> <span class='ocrx_word' id='word_1_106' title='bbox 1042 2020 1069 2077; x_wconf 86' lang='lat' dir='ltr'>si</span> <span class='ocrx_word' id='word_1_107' title='bbox 1089 2033 1162 2093; x_wconf 92' lang='lat' dir='ltr'>quae</span> <span class='ocrx_word' id='word_1_108' title='bbox 1184 2023 1295 2091; x_wconf 83' lang='lat' dir='ltr'>garant.</span> 
     </span>
    </p>
   </div>
   <div class='ocr_carea' id='block_1_11' title="bbox 160 2133 1340 2412">
    <p class='ocr_par' dir='ltr' id='par_1_19' title="bbox 160 2133 1340 2412">
     <span class='ocr_line' id='line_1_36' title="bbox 230 2133 1340 2203; baseline -0.001 -16"><span class='ocrx_word' id='word_1_109' title='bbox 230 2139 306 2187; x_wconf 87' lang='lat' dir='ltr'>Brev.</span> <span class='ocrx_word' id='word_1_110' title='bbox 325 2139 499 2189; x_wconf 85' lang='lat' dir='ltr'>Zamoranum</span> <span class='ocrx_word' id='word_1_111' title='bbox 525 2139 588 2203; x_wconf 85' lang='lat' dir='ltr'>imp.</span> <span class='ocrx_word' id='word_1_112' title='bbox 608 2133 690 2189; x_wconf 60' lang='lat'>15¹⁸.</span> <span class='ocrx_word' id='word_1_113' title='bbox 708 2164 742 2173; x_wconf 95' lang='lat'><em>-</em></span> <span class='ocrx_word' id='word_1_114' title='bbox 761 2137 833 2188; x_wconf 87' lang='lat' dir='ltr'>Naclr</span> <span class='ocrx_word' id='word_1_115' title='bbox 851 2139 982 2202; x_wconf 82' lang='lat' dir='ltr'>Tamayo,</span> <span class='ocrx_word' id='word_1_116' title='bbox 1001 2136 1137 2202; x_wconf 82' lang='lat' dir='ltr'>Martyrol.</span> <span class='ocrx_word' id='word_1_117' title='bbox 1158 2137 1270 2202; x_wconf 83' lang='lat' dir='ltr'>Hispan.</span> <span class='ocrx_word' id='word_1_118' title='bbox 1290 2136 1340 2196; x_wconf 86' lang='lat' dir='ltr'>ut,</span> 
     </span>
     <span class='ocr_line' id='line_1_37' title="bbox 160 2203 1340 2272; baseline -0.002 -17"><span class='ocrx_word' id='word_1_119' title='bbox 160 2205 210 2256; x_wconf 78' lang='lat'>354</span> <span class='ocrx_word' id='word_1_120' title='bbox 235 2207 288 2256; x_wconf 81' lang='lat' dir='ltr'>arad</span> <span class='ocrx_word' id='word_1_121' title='bbox 311 2203 363 2257; x_wconf 82' lang='lat'>359</span> <span class='ocrx_word' id='word_1_122' title='bbox 386 2207 436 2256; x_wconf 87' lang='lat' dir='ltr'>soll</span> <span class='ocrx_word' id='word_1_123' title='bbox 459 2207 506 2257; x_wconf 85' lang='lat' dir='ltr'>das</span> <span class='ocrx_word' id='word_1_124' title='bbox 532 2206 654 2257; x_wconf 87' lang='lat' dir='ltr'>Officium</span> <span class='ocrx_word' id='word_1_125' title='bbox 677 2209 726 2257; x_wconf 83' lang='lat' dir='ltr'>ruit</span> <span class='ocrx_word' id='word_1_126' title='bbox 747 2206 797 2256; x_wconf 87' lang='lat' dir='ltr'>dea</span> <span class='ocrx_word' id='word_1_127' title='bbox 820 2206 998 2271; x_wconf 63' lang='lat' dir='ltr'>nugatoriam</span> <span class='ocrx_word' id='word_1_128' title='bbox 1020 2207 1143 2272; x_wconf 84' lang='lat' dir='ltr'>Hymnen</span> <span class='ocrx_word' id='word_1_129' title='bbox 1159 2203 1245 2264; x_wconf 71' lang='lat' dir='ltr'>(Auel.</span> <span class='ocrx_word' id='word_1_130' title='bbox 1268 2204 1340 2263; x_wconf 84' lang='lat' dir='ltr'>XVI,</span> 
     </span>
     <span class='ocr_line' id='line_1_38' title="bbox 163 2270 1339 2341; baseline -0.004 -15"><span class='ocrx_word' id='word_1_131' title='bbox 163 2272 211 2326; x_wconf 76' lang='lat'>173</span> <span class='ocrx_word' id='word_1_132' title='bbox 234 2273 270 2337; x_wconf 81' lang='lat' dir='ltr'>ff.)</span> <span class='ocrx_word' id='word_1_133' title='bbox 292 2291 343 2325; x_wconf 84' lang='lat' dir='ltr'>von</span> <span class='ocrx_word' id='word_1_134' title='bbox 366 2278 451 2326; x_wconf 86' lang='lat' dir='ltr'>sinam</span> <span class='ocrx_word' id='word_1_135' title='bbox 474 2277 605 2341; x_wconf 80' lang='lat' dir='ltr'>gewissen</span> <span class='ocrx_word' id='word_1_136' title='bbox 623 2274 828 2341; x_wconf 75' lang='lat' dir='ltr'>christophorus</span> <span class='ocrx_word' id='word_1_137' title='bbox 846 2275 1032 2326; x_wconf 78' lang='lat' dir='ltr'>Paradiaenuis</span> <span class='ocrx_word' id='word_1_138' title='bbox 1051 2275 1121 2335; x_wconf 85' lang='lat' dir='ltr'>sein,</span> <span class='ocrx_word' id='word_1_139' title='bbox 1145 2273 1211 2324; x_wconf 79' lang='lat' dir='ltr'>tiber</span> <span class='ocrx_word' id='word_1_140' title='bbox 1227 2272 1279 2323; x_wconf 87' lang='lat' dir='ltr'>den</span> <span class='ocrx_word' id='word_1_141' title='bbox 1297 2270 1339 2322; x_wconf 89' lang='lat' dir='ltr'>ich</span> 
     </span>
     <span class='ocr_line' id='line_1_39' title="bbox 161 2344 792 2412; baseline -0.003 -18"><span class='ocrx_word' id='word_1_142' title='bbox 161 2345 258 2394; x_wconf 81' lang='lat' dir='ltr'>mihera</span> <span class='ocrx_word' id='word_1_143' title='bbox 275 2344 403 2410; x_wconf 75' lang='lat' dir='ltr'>Augabsu</span> <span class='ocrx_word' id='word_1_144' title='bbox 420 2344 571 2412; x_wconf 74' lang='lat' dir='ltr'>vergebliclu</span> <span class='ocrx_word' id='word_1_145' title='bbox 588 2344 699 2412; x_wconf 78' lang='lat' dir='ltr'>gssucht</span> <span class='ocrx_word' id='word_1_146' title='bbox 716 2344 792 2396; x_wconf 83' lang='lat' dir='ltr'>habu.</span> 
     </span>
    </p>
   </div>
   <div class='ocr_carea' id='block_1_12' title="bbox 482 2607 1008 2670">
    <p class='ocr_par' dir='ltr' id='par_1_20' title="bbox 482 2607 1008 2670">
     <span class='ocr_line' id='line_1_40' title="bbox 482 2607 1008 2670; baseline -0.002 -4"><span class='ocrx_word' id='word_1_147' title='bbox 482 2608 527 2668; x_wconf 81' lang='grc'>46.</span> <span class='ocrx_word' id='word_1_148' title='bbox 563 2611 594 2668; x_wconf 88' lang='lat' dir='ltr'>lu</span> <span class='ocrx_word' id='word_1_149' title='bbox 611 2609 805 2670; x_wconf 88' lang='lat' dir='ltr'>&#39;lrunslutioae</span> <span class='ocrx_word' id='word_1_150' title='bbox 824 2626 847 2667; x_wconf 83' lang='lat' dir='ltr'>a.</span> <span class='ocrx_word' id='word_1_151' title='bbox 866 2607 1008 2668; x_wconf 78' lang='lat' dir='ltr'>indaletii.</span> 
     </span>
    </p>
   </div>
   <div class='ocr_carea' id='block_1_13' title="bbox 286 2788 597 2974">
    <p class='ocr_par' dir='ltr' id='par_1_21' title="bbox 286 2788 597 2974">
     <span class='ocr_line' id='line_1_41' title="bbox 286 2788 597 2864; baseline -0.006 -14"><span class='ocrx_word' id='word_1_152' title='bbox 286 2793 327 2850; x_wconf 93' lang='lat' dir='ltr'>ln</span> <span class='ocrx_word' id='word_1_153' title='bbox 352 2792 381 2850; x_wconf 95' lang='lat'>1.</span> <span class='ocrx_word' id='word_1_154' title='bbox 405 2788 597 2864; x_wconf 81' lang='lat' dir='ltr'>vesperis.</span> 
     </span>
     <span class='ocr_line' id='line_1_42' title="bbox 334 2907 555 2974; baseline 0 -16"><span class='ocrx_word' id='word_1_155' title='bbox 334 2908 374 2958; x_wconf 80' lang='lat' dir='ltr'>Ad</span> <span class='ocrx_word' id='word_1_156' title='bbox 393 2907 555 2974; x_wconf 83' lang='lat' dir='ltr'>Magaifieat.</span> 
     </span>
    </p>
   </div>
   <div class='ocr_carea' id='block_1_14' title="bbox 226 3012 716 3771">
    <p class='ocr_par' dir='ltr' id='par_1_22' title="bbox 227 3012 643 3258">
     <span class='ocr_line' id='line_1_43' title="bbox 228 3012 643 3085; baseline -0.002 -13"><span class='ocrx_word' id='word_1_157' title='bbox 228 3015 296 3072; x_wconf 83' lang='lat' dir='ltr'>Post</span> <span class='ocrx_word' id='word_1_158' title='bbox 319 3012 484 3085; x_wconf 88' lang='lat' dir='ltr'>primitivae</span> <span class='ocrx_word' id='word_1_159' title='bbox 505 3012 643 3071; x_wconf 82' lang='lat' dir='ltr'>ecclesiae</span> 
     </span>
     <span class='ocr_line' id='line_1_44' title="bbox 227 3097 634 3174; baseline 0 -18"><span class='ocrx_word' id='word_1_160' title='bbox 227 3099 371 3170; x_wconf 86' lang='lat' dir='ltr'>Tempora</span> <span class='ocrx_word' id='word_1_161' title='bbox 392 3115 410 3156; x_wconf 88' lang='lat' dir='ltr'>a</span> <span class='ocrx_word' id='word_1_162' title='bbox 432 3097 517 3156; x_wconf 87' lang='lat' dir='ltr'>beato</span> <span class='ocrx_word' id='word_1_163' title='bbox 538 3099 634 3174; x_wconf 87' lang='lat' dir='ltr'>Petro,</span> 
     </span>
     <span class='ocr_line' id='line_1_45' title="bbox 227 3183 596 3258; baseline -0.011 -14"><span class='ocrx_word' id='word_1_164' title='bbox 227 3183 431 3256; x_wconf 82' lang='lat' dir='ltr'>Apostolorum</span> <span class='ocrx_word' id='word_1_165' title='bbox 453 3184 596 3258; x_wconf 90' lang='lat' dir='ltr'>principe,</span> 
     </span>
    </p>

    <p class='ocr_par' dir='ltr' id='par_1_23' title="bbox 226 3268 716 3684">
     <span class='ocr_line' id='line_1_46' title="bbox 226 3268 716 3342; baseline -0.002 -15"><span class='ocrx_word' id='word_1_166' title='bbox 226 3270 292 3327; x_wconf 81' lang='lat' dir='ltr'>dam</span> <span class='ocrx_word' id='word_1_167' title='bbox 314 3268 421 3327; x_wconf 87' lang='lat' dir='ltr'>Romae</span> <span class='ocrx_word' id='word_1_168' title='bbox 442 3285 552 3328; x_wconf 88' lang='lat' dir='ltr'>summo</span> <span class='ocrx_word' id='word_1_169' title='bbox 574 3269 716 3342; x_wconf 89' lang='lat' dir='ltr'>praesule,</span> 
     </span>
     <span class='ocr_line' id='line_1_47' title="bbox 227 3353 635 3427; baseline 0.002 -14"><span class='ocrx_word' id='word_1_170' title='bbox 227 3355 343 3427; x_wconf 86' lang='lat' dir='ltr'>Septem</span> <span class='ocrx_word' id='word_1_171' title='bbox 367 3353 518 3427; x_wconf 85' lang='lat' dir='ltr'>discipulis</span> <span class='ocrx_word' id='word_1_172' title='bbox 540 3354 635 3414; x_wconf 89' lang='lat' dir='ltr'>missis</span> 
     </span>
     <span class='ocr_line' id='line_1_48' title="bbox 227 3438 530 3512; baseline -0.007 -12"><span class='ocrx_word' id='word_1_173' title='bbox 227 3438 391 3512; x_wconf 89' lang='lat' dir='ltr'>Hispanias,</span> <span class='ocrx_word' id='word_1_174' title='bbox 414 3455 449 3497; x_wconf 85' lang='lat' dir='ltr'>ex</span> <span class='ocrx_word' id='word_1_175' title='bbox 471 3438 530 3498; x_wconf 90' lang='lat' dir='ltr'>illis</span> 
     </span>
     <span class='ocr_line' id='line_1_49' title="bbox 229 3523 542 3585; baseline -0.006 0"><span class='ocrx_word' id='word_1_176' title='bbox 229 3524 405 3585; x_wconf 86' lang='lat' dir='ltr'>Iudalaetius</span> <span class='ocrx_word' id='word_1_177' title='bbox 427 3523 542 3584; x_wconf 80' lang='lat' dir='ltr'>refulsit</span> 
     </span>
     <span class='ocr_line' id='line_1_50' title="bbox 229 3609 572 3684; baseline -0.012 -12"><span class='ocrx_word' id='word_1_178' title='bbox 229 3609 457 3672; x_wconf 88' lang='lat' dir='ltr'>Praedicutionis</span> <span class='ocrx_word' id='word_1_179' title='bbox 479 3609 572 3684; x_wconf 78' lang='lat' dir='ltr'>gratia</span> 
     </span>
    </p>

    <p class='ocr_par' dir='ltr' id='par_1_24' title="bbox 231 3695 552 3771">
     <span class='ocr_line' id='line_1_51' title="bbox 231 3695 552 3771; baseline -0.009 -14"><span class='ocrx_word' id='word_1_180' title='bbox 231 3697 270 3757; x_wconf 86' lang='lat' dir='ltr'>Et</span> <span class='ocrx_word' id='word_1_181' title='bbox 293 3696 429 3756; x_wconf 90' lang='lat' dir='ltr'>virtutum</span> <span class='ocrx_word' id='word_1_182' title='bbox 452 3695 552 3771; x_wconf 82' lang='lat' dir='ltr'>gloria.</span> 
     </span>
    </p>
   </div>
   <div class='ocr_carea' id='block_1_15' title="bbox 286 3866 604 3928">
    <p class='ocr_par' dir='ltr' id='par_1_25' title="bbox 286 3866 604 3928">
     <span class='ocr_line' id='line_1_52' title="bbox 286 3866 604 3928; baseline -0.003 0"><span class='ocrx_word' id='word_1_183' title='bbox 286 3868 343 3928; x_wconf 85' lang='lat' dir='ltr'>Ad</span> <span class='ocrx_word' id='word_1_184' title='bbox 365 3866 604 3928; x_wconf 88' lang='lat' dir='ltr'>Matutinum.</span> 
     </span>
    </p>
   </div>
   <div class='ocr_carea' id='block_1_16' title="bbox 349 3985 544 4037">
    <p class='ocr_par' dir='ltr' id='par_1_26' title="bbox 349 3985 544 4037">
     <span class='ocr_line' id='line_1_53' title="bbox 349 3985 544 4037; baseline -0.021 0"><span class='ocrx_word' id='word_1_185' title='bbox 349 3985 544 4037; x_wconf 85' lang='lat' dir='ltr'>Invitatorium.</span> 
     </span>
    </p>
   </div>
   <div class='ocr_carea' id='block_1_17' title="bbox 231 4090 686 4323">
    <p class='ocr_par' dir='ltr' id='par_1_27' title="bbox 231 4090 686 4323">
     <span class='ocr_line' id='line_1_54' title="bbox 232 4090 574 4164; baseline -0.009 -12"><span class='ocrx_word' id='word_1_186' title='bbox 232 4094 372 4152; x_wconf 89' lang='lat' dir='ltr'>Praesens</span> <span class='ocrx_word' id='word_1_187' title='bbox 394 4096 425 4150; x_wconf 90' lang='lat' dir='ltr'>ut</span> <span class='ocrx_word' id='word_1_188' title='bbox 447 4090 574 4164; x_wconf 90' lang='lat' dir='ltr'>psalmas</span> 
     </span>
     <span class='ocr_line' id='line_1_55' title="bbox 271 4176 686 4251; baseline -0.002 -16"><span class='ocrx_word' id='word_1_189' title='bbox 271 4184 374 4251; x_wconf 89' lang='lat' dir='ltr'>mouet,</span> <span class='ocrx_word' id='word_1_190' title='bbox 397 4177 574 4238; x_wconf 89' lang='lat' dir='ltr'>Iudalaetius</span> <span class='ocrx_word' id='word_1_191' title='bbox 595 4176 686 4235; x_wconf 79' lang='lat' dir='ltr'>aluam</span> 
     </span>
     <span class='ocr_line' id='line_1_56' title="bbox 231 4262 480 4323; baseline -0.004 -1"><span class='ocrx_word' id='word_1_192' title='bbox 231 4262 322 4322; x_wconf 86' lang='lat' dir='ltr'>Nobis</span> <span class='ocrx_word' id='word_1_193' title='bbox 342 4263 480 4323; x_wconf 90' lang='lat' dir='ltr'>laudandi</span> 
     </span>
    </p>
   </div>
   <div class='ocr_carea' id='block_1_18' title="bbox 269 4346 727 4423">
    <p class='ocr_par' dir='ltr' id='par_1_28' title="bbox 269 4346 727 4423">
     <span class='ocr_line' id='line_1_57' title="bbox 269 4346 727 4423; baseline 0 -15"><span class='ocrx_word' id='word_1_194' title='bbox 269 4349 309 4408; x_wconf 87' lang='lat' dir='ltr'>sit</span> <span class='ocrx_word' id='word_1_195' title='bbox 323 4365 408 4409; x_wconf 88' lang='lat' dir='ltr'>caasa</span> <span class='ocrx_word' id='word_1_196' title='bbox 420 4349 567 4423; x_wconf 89' lang='lat' dir='ltr'>Deumque</span> <span class='ocrx_word' id='word_1_197' title='bbox 579 4346 727 4422; x_wconf 89' lang='lat' dir='ltr'>precandi.</span> 
     </span>
    </p>
   </div>
   <div class='ocr_carea' id='block_1_19' title="bbox 897 2788 1218 2971">
    <p class='ocr_par' dir='ltr' id='par_1_29' title="bbox 897 2788 1218 2971">
     <span class='ocr_line' id='line_1_58' title="bbox 897 2788 1218 2850; baseline 0.003 -3"><span class='ocrx_word' id='word_1_198' title='bbox 897 2789 937 2847; x_wconf 91' lang='lat' dir='ltr'>lu</span> <span class='ocrx_word' id='word_1_199' title='bbox 962 2790 991 2850; x_wconf 88' lang='lat'>1.</span> <span class='ocrx_word' id='word_1_200' title='bbox 1014 2788 1218 2848; x_wconf 82' lang='lat' dir='ltr'>lloctarno.</span> 
     </span>
     <span class='ocr_line' id='line_1_59' title="bbox 969 2905 1146 2971; baseline 0 -15"><span class='ocrx_word' id='word_1_201' title='bbox 969 2905 1146 2971; x_wconf 76' lang='lat' dir='ltr'>Antiphouae.</span> 
     </span>
    </p>
   </div>
   <div class='ocr_carea' id='block_1_20' title="bbox 792 3005 1300 4063">
    <p class='ocr_par' dir='ltr' id='par_1_30' title="bbox 794 3005 1300 3342">
     <span class='ocr_line' id='line_1_60' title="bbox 794 3005 1228 3083; baseline -0.007 -11"><span class='ocrx_word' id='word_1_202' title='bbox 794 3014 823 3074; x_wconf 87' lang='lat'>1.</span> <span class='ocrx_word' id='word_1_203' title='bbox 848 3011 901 3071; x_wconf 87' lang='lat' dir='ltr'>Vir</span> <span class='ocrx_word' id='word_1_204' title='bbox 923 3015 1038 3071; x_wconf 88' lang='lat' dir='ltr'>sanctas</span> <span class='ocrx_word' id='word_1_205' title='bbox 1060 3005 1228 3083; x_wconf 85' lang='lat' dir='ltr'>indaletius,</span> 
     </span>
     <span class='ocr_line' id='line_1_61' title="bbox 842 3094 1300 3174; baseline -0.004 -18"><span class='ocrx_word' id='word_1_206' title='bbox 842 3097 950 3157; x_wconf 74' lang='lat' dir='ltr'>(limati</span> <span class='ocrx_word' id='word_1_207' title='bbox 972 3095 1086 3170; x_wconf 86' lang='lat' dir='ltr'>quidem</span> <span class='ocrx_word' id='word_1_208' title='bbox 1110 3094 1277 3173; x_wconf 88' lang='lat' dir='ltr'>discipulus,</span> <span class='ocrx_word' id='word_1_209' title='bbox 1299 3169 1300 3174; x_wconf 8' lang='grc' dir='ltr'>ἵ</span> 
     </span>
     <span class='ocr_line' id='line_1_62' title="bbox 842 3179 1222 3256; baseline -0.003 -15"><span class='ocrx_word' id='word_1_210' title='bbox 842 3183 897 3241; x_wconf 81' lang='lat' dir='ltr'>Est</span> <span class='ocrx_word' id='word_1_211' title='bbox 918 3181 1107 3256; x_wconf 85' lang='lat' dir='ltr'>praedicandi</span> <span class='ocrx_word' id='word_1_212' title='bbox 1129 3179 1222 3255; x_wconf 81' lang='lat' dir='ltr'>gratia</span> 
     </span>
     <span class='ocr_line' id='line_1_63' title="bbox 845 3267 1188 3342; baseline 0.003 -15"><span class='ocrx_word' id='word_1_213' title='bbox 845 3269 1000 3342; x_wconf 80' lang='lat' dir='ltr'>Delegatus</span> <span class='ocrx_word' id='word_1_214' title='bbox 1023 3267 1188 3341; x_wconf 87' lang='lat' dir='ltr'>Hispanias.</span> 
     </span>
    </p>

    <p class='ocr_par' dir='ltr' id='par_1_31' title="bbox 794 3368 1271 3529">
     <span class='ocr_line' id='line_1_64' title="bbox 794 3368 1271 3443; baseline -0.002 -14"><span class='ocrx_word' id='word_1_215' title='bbox 794 3373 822 3429; x_wconf 85' lang='lat'>2.</span> <span class='ocrx_word' id='word_1_216' title='bbox 846 3368 961 3442; x_wconf 87' lang='lat' dir='ltr'>Septem</span> <span class='ocrx_word' id='word_1_217' title='bbox 983 3369 1098 3443; x_wconf 90' lang='lat' dir='ltr'>quidem</span> <span class='ocrx_word' id='word_1_218' title='bbox 1122 3369 1271 3443; x_wconf 82' lang='lat' dir='ltr'>discipulis</span> 
     </span>
     <span class='ocr_line' id='line_1_65' title="bbox 843 3453 1188 3529; baseline 0.003 -16"><span class='ocrx_word' id='word_1_219' title='bbox 843 3454 1001 3514; x_wconf 89' lang='lat' dir='ltr'>Destinatis</span> <span class='ocrx_word' id='word_1_220' title='bbox 1023 3453 1188 3529; x_wconf 85' lang='lat' dir='ltr'>Hispanias,</span> 
     </span>
    </p>

    <p class='ocr_par' dir='ltr' id='par_1_32' title="bbox 843 3539 1168 3699">
     <span class='ocr_line' id='line_1_66' title="bbox 843 3539 1168 3600; baseline 0 -1"><span class='ocrx_word' id='word_1_221' title='bbox 843 3540 889 3599; x_wconf 85' lang='lat' dir='ltr'>Ex</span> <span class='ocrx_word' id='word_1_222' title='bbox 910 3540 970 3598; x_wconf 90' lang='lat' dir='ltr'>illis</span> <span class='ocrx_word' id='word_1_223' title='bbox 991 3539 1168 3600; x_wconf 86' lang='lat' dir='ltr'>Iudalaetius</span> 
     </span>
     <span class='ocr_line' id='line_1_67' title="bbox 844 3625 1133 3699; baseline 0.007 -14"><span class='ocrx_word' id='word_1_224' title='bbox 844 3625 971 3685; x_wconf 85' lang='lat' dir='ltr'>Emicuit</span> <span class='ocrx_word' id='word_1_225' title='bbox 992 3625 1133 3699; x_wconf 69' lang='lat' dir='ltr'>egregias.</span> 
     </span>
    </p>

    <p class='ocr_par' dir='ltr' id='par_1_33' title="bbox 792 3727 1249 4063">
     <span class='ocr_line' id='line_1_68' title="bbox 792 3727 1249 3802; baseline -0.009 -13"><span class='ocrx_word' id='word_1_226' title='bbox 792 3731 820 3789; x_wconf 90' lang='grc'>3.</span> <span class='ocrx_word' id='word_1_227' title='bbox 845 3729 960 3801; x_wconf 85' lang='lat' dir='ltr'>Septem</span> <span class='ocrx_word' id='word_1_228' title='bbox 984 3728 1092 3791; x_wconf 69' lang='lat' dir='ltr'>obruti</span> <span class='ocrx_word' id='word_1_229' title='bbox 1113 3727 1249 3802; x_wconf 85' lang='lat' dir='ltr'>discipali</span> 
     </span>
     <span class='ocr_line' id='line_1_69' title="bbox 846 3813 1238 3888; baseline 0 -15"><span class='ocrx_word' id='word_1_230' title='bbox 846 3813 1055 3875; x_wconf 86' lang='lat' dir='ltr'>Praedicaruut</span> <span class='ocrx_word' id='word_1_231' title='bbox 1071 3813 1238 3888; x_wconf 85' lang='lat' dir='ltr'>Hispanias,</span> 
     </span>
     <span class='ocr_line' id='line_1_70' title="bbox 844 3899 1223 3974; baseline -0.005 -15"><span class='ocrx_word' id='word_1_232' title='bbox 844 3900 890 3959; x_wconf 83' lang='lat' dir='ltr'>En</span> <span class='ocrx_word' id='word_1_233' title='bbox 912 3905 970 3960; x_wconf 86' lang='lat' dir='ltr'>tam</span> <span class='ocrx_word' id='word_1_234' title='bbox 993 3899 1080 3974; x_wconf 77' lang='lat' dir='ltr'>digno</span> <span class='ocrx_word' id='word_1_235' title='bbox 1102 3899 1223 3974; x_wconf 77' lang='lat' dir='ltr'>collegio</span> 
     </span>
     <span class='ocr_line' id='line_1_71' title="bbox 844 3984 1128 4063; baseline 0.011 -19"><span class='ocrx_word' id='word_1_236' title='bbox 844 3984 938 4063; x_wconf 76' lang='lat' dir='ltr'>Pulsit</span> <span class='ocrx_word' id='word_1_237' title='bbox 959 3985 1128 4047; x_wconf 86' lang='lat' dir='ltr'>Iudaletius.</span> 
     </span>
    </p>
   </div>
   <div class='ocr_carea' id='block_1_21' title="bbox 792 4086 1280 4418">
    <p class='ocr_par' dir='ltr' id='par_1_34' title="bbox 792 4086 1280 4418">
     <span class='ocr_line' id='line_1_72' title="bbox 792 4086 1280 4151; baseline -0.01 -2"><span class='ocrx_word' id='word_1_238' title='bbox 792 4090 821 4149; x_wconf 84' lang='lat'>4.</span> <span class='ocrx_word' id='word_1_239' title='bbox 844 4088 909 4147; x_wconf 88' lang='lat' dir='ltr'>Jum</span> <span class='ocrx_word' id='word_1_240' title='bbox 929 4090 1001 4151; x_wconf 84' lang='lat' dir='ltr'>Josu</span> <span class='ocrx_word' id='word_1_241' title='bbox 1023 4086 1138 4148; x_wconf 81' lang='lat' dir='ltr'>christo</span> <span class='ocrx_word' id='word_1_242' title='bbox 1158 4087 1280 4147; x_wconf 90' lang='lat' dir='ltr'>Domino</span> 
     </span>
     <span class='ocr_line' id='line_1_73' title="bbox 845 4172 1230 4247; baseline -0.005 -13"><span class='ocrx_word' id='word_1_243' title='bbox 845 4172 1028 4234; x_wconf 82' lang='lat' dir='ltr'>Asceudeute</span> <span class='ocrx_word' id='word_1_244' title='bbox 1048 4172 1086 4232; x_wconf 86' lang='lat' dir='ltr'>ad</span> <span class='ocrx_word' id='word_1_245' title='bbox 1109 4188 1230 4247; x_wconf 86' lang='lat' dir='ltr'>superos</span> 
     </span>
     <span class='ocr_line' id='line_1_74' title="bbox 844 4257 1222 4333; baseline -0.003 -14"><span class='ocrx_word' id='word_1_246' title='bbox 844 4260 882 4319; x_wconf 88' lang='lat' dir='ltr'>Hi</span> <span class='ocrx_word' id='word_1_247' title='bbox 905 4263 1014 4333; x_wconf 81' lang='lat' dir='ltr'>septem</span> <span class='ocrx_word' id='word_1_248' title='bbox 1037 4258 1091 4318; x_wconf 88' lang='lat' dir='ltr'>viri</span> <span class='ocrx_word' id='word_1_249' title='bbox 1112 4257 1222 4322; x_wconf 87' lang='lat' dir='ltr'>Jacobo</span> 
     </span>
     <span class='ocr_line' id='line_1_75' title="bbox 844 4343 1209 4418; baseline 0.003 -12"><span class='ocrx_word' id='word_1_250' title='bbox 844 4344 1047 4406; x_wconf 68' lang='lat' dir='ltr'>adhaeserant</span> <span class='ocrx_word' id='word_1_251' title='bbox 1068 4343 1209 4418; x_wconf 86' lang='lat' dir='ltr'>apostolo.</span> 
     </span>
    </p>
   </div>
   <div class='ocr_carea' id='block_1_22' title="bbox 0 0 1481 4868">
    <p class='ocr_par' dir='ltr' id='par_1_35' title="bbox 0 0 1481 4868">
     <span class='ocr_line' id='line_1_76' title="bbox 0 0 1481 4868; baseline 0 0"><span class='ocrx_word' id='word_1_252' title='bbox 0 0 1481 4868; x_wconf 95' lang='lat' dir='ltr'> </span> 
     </span>
    </p>
   </div>
  </div>
 </body>
</html>
