2918 4868
635 276 867 341 -164-

561 446 620 503 279.
656 443 695 502 lle
714 447 811 502 saneto
830 445 940 501 Jacobo.

664 566 707 621 Ad
724 565 839 621 Laudes.

163 695 190 758 l.
214 693 269 752 Hie
288 694 454 766 judicandis
476 693 577 752 ovibus
779 694 807 755 3.
831 692 965 766 Apostoli
988 692 1035 765 qui
1058 692 1172 750 nomino

213 779 263 854 Te,
284 779 384 852 jndex,
408 778 636 852 agnoscentibus,
832 779 912 837 Haec
935 776 1009 835 festa
1031 778 1129 836 colunt
1151 775 1240 834 hodie

214 864 328 924 Summo
350 866 397 939 qui
422 863 503 923 fulsit
524 865 636 938 merito,
832 863 1017 922 solemnitate
1041 862 1179 921 coelibum

213 951 257 1010 Sit
279 950 343 1022 pius
365 951 394 1008 in
415 951 534 1024 judicio.
832 950 970 1008 Intersint
992 949 1021 1007 iu
1044 955 1223 1021 perpetuum.

160 1055 189 1113 2.
213 1053 295 1110 Illius
317 1053 407 1110 sacris
430 1051 563 1125 precibus
777 1055 807 1110 4.
831 1051 870 1111 Ut
893 1051 1038 1123 supplices
1061 1050 1199 1109 exaudias

212 1137 339 1196 Absolve
361 1154 413 1196 uos
437 1136 592 1209 erroribus,
831 1139 992 1209 Pacemque
1015 1152 1125 1194 omnem
1150 1133 1291 1206 conteras,

214 1223 338 1298 Stantes,
362 1238 398 1280 no
422 1224 537 1298 cadant,
560 1221 673 1298 robora,
831 1222 947 1280 Fideles
972 1238 1085 1294 semper
1107 1226 1252 1298 protegas,

212 1308 333 1381 Lapsos,
356 1315 388 1365 ut
410 1314 538 1381 surgant,
558 1308 672 1381 adjuva.
833 1308 876 1365 Tu
898 1308 946 1380 qui
971 1324 1001 1364 es
1024 1323 1092 1366 vera
1116 1309 1219 1369 unitas,

228 1425 310 1475 Psalt.
335 1441 382 1474 ms.
401 1425 531 1474 Oeulense
554 1438 622 1474 11111.
649 1422 688 1474 14.
719 1425 781 1474 Cod.
800 1425 877 1475 Areh.
896 1426 956 1475 Nat.
975 1427 1108 1475 Matriten.
1128 1421 1242 1475 113-4.
1261 1425 1291 1474 Δ.
1310 1449 1345 1458 -

159 1495 235 1543 Β111.
265 1508 312 1542 ms.
334 1493 490 1543 Toletanum
519 1507 587 1542 saec.
617 1490 655 1542 14.
683 1493 746 1544 Coti.
771 1494 904 1543 Matriteu.
928 1495 966 1544 Fi.
998 1490 1053 1543 147.
1077 1494 1106 1542 B.
1134 1521 1165 1528 -
1190 1494 1266 1542 Brev.
1295 1508 1343 1541 ms.

159 1562 290 1612 Oculeuse
310 1577 377 1612 saec.
399 1559 438 1610 14.
457 1561 519 1611 eod.
532 1561 700 1612 Matriten.A
724 1559 779 1612 115.
792 1564 822 1612 C.
842 1588 874 1598 -
889 1564 964 1612 Brev.
983 1578 1031 1612 ms.
1045 1562 1201 1612 Toletanum
1220 1558 1344 1611 1111114.

162 1630 225 1680 cod.
244 1631 329 1695 Capit.
347 1630 470 1680 Toletani
488 1626 581 1679 33-6.
601 1630 634 1679 D.
652 1657 685 1666 -
704 1631 780 1680 Brev.
799 1647 846 1680 ms.
859 1631 1014 1681 Toletanum
1034 1646 1101 1680 saec.
1123 1627 1342 1695 laesaeque.

160 1698 283 1748 Toletani
306 1694 398 1749 33-9.
417 1699 449 1750 Ε.
472 1724 506 1733 -
525 1699 600 1747 Brev.
623 1714 670 1748 1111.
689 1700 846 1750 Toletanum
872 1715 939 1749 saec.
961 1696 1000 1749 14.
1028 1699 1090 1750 Cod.
1109 1701 1187 1750 Univ.
1207 1699 1342 1748 Matriton.

159 1763 193 1816 48
216 1764 327 1829 (92-1).
351 1768 380 1817 T.
408 1797 439 1803 —
463 1767 539 1815 Brev.
564 1781 612 1815 ms.
636 1768 808 1817 Valentinum
832 1770 894 1817 anni
921 1765 994 1817 1420.
1020 1767 1083 1818 Cod.
1101 1768 1213 1817 Parisin.
1230 1766 1344 1829 (Arsen.)

163 1832 218 1885 105.
241 1836 272 1885 G.
299 1860 331 1869 -
357 1838 432 1886 Brev.
456 1835 611 1885 Toletanum
635 1837 698 1902 imp.
723 1837 842 1886 Venetiis
869 1832 940 1886 1483.
966 1836 1000 1884 H.
1023 1862 1058 1871 -
1078 1838 1153 1886 Brev.
1171 1836 1342 1885 Valentinum

159 1905 222 1967 imp.
241 1904 352 1969 Neapoli
385 1900 457 1954 1489.
477 1904 498 1952 1.
522 1928 556 1938 -
575 1905 649 1953 Bror.
668 1905 824 1955 Toletanum
851 1907 913 1969 imp.
932 1905 1051 1954 Venetiis
1071 1901 1195 1953 149211.
1215 1932 1248 1941 -
1267 1905 1342 1953 Brev.

160 1972 317 2021 Toletanum
341 1974 402 2037 imp.
429 1971 536 2036 Hispali
561 1968 634 2021 1492.
658 1974 689 2022 L.
715 2000 743 2007 —
767 1976 841 2022 Brev.
859 1973 1017 2022 Toletanum
1041 1975 1101 2038 imp.
1120 1974 1239 2022 l'euetiis
1268 1969 1342 2022 1506.

159 2041 195 2089 M.
220 2066 251 2074 -
278 2041 353 2090 Brev.
377 2042 507 2091 Gieuense
532 2041 593 2105 imp.
619 2041 725 2106 Hispali
752 2038 825 2091 1528.
852 2043 883 2091 N.
907 2068 938 2074 -
965 2043 1040 2091 Brev.
1064 2040 1125 2091 Ord.
1147 2041 1172 2091 S.
1190 2041 1286 2091 Jacobi
1309 2041 1342 2090 de

161 2109 243 2173 Spain
267 2110 329 2174 imp.
347 2110 465 2175 Legioue
485 2103 558 2158 1532.
576 2109 608 2157 Ο.
626 2137 659 2145 -
681 2107 709 2169 l,
736 2107 748 2158 1
768 2110 812 2159 Sic
826 2109 977 2172 judicandis
996 2111 1030 2170 G;
1055 2109 1097 2159 Sis
1112 2109 1263 2171 judicandis
1281 2110 1340 2173 AC;

163 2178 212 2226 llic
236 2177 407 2228 vendicandis
430 2178 486 2230 GO.
511 2204 542 2210 —
568 2176 592 2236 1,
617 2174 688 2227 aut
705 2178 786 2242 judex
804 2179 861 2228 KL.
886 2203 918 2211 -
943 2176 970 2236 1,
996 2175 1120 2228 3811111(
1143 2180 1187 2243 qui
1208 2177 1341 2238 ABCKL3

161 2246 245 2296 Morte
267 2247 312 2310 qui
335 2247 410 2296 fulsit
427 2247 458 2297 G.
477 2272 509 2280 -
531 2243 556 2301 1,
578 2242 691 2296 andsto
712 2252 772 2311 post
793 2248 821 2295 in
840 2249 874 2309 tn
899 2245 936 2294 Ε(
953 2248 991 2295 sic
1012 2246 1189 2311 1111111110,
1216 2246 1294 2295 Salus
1314 2249 1342 2296 in

157 2313 259 2377 judicio
280 2315 311 2366 G.
337 2344 368 2351 -
387 2314 417 2374 2,
445 2313 507 2364 111
536 2312 577 2362 his
601 2317 711 2364 sacratis
736 2317 857 2380 precibus
876 2316 931 2365 KL.
958 2341 987 2350 -·
1013 2313 1043 2374 3,
1071 2313 1228 2380 lApostole
1247 2315 1283 2375 B,
1305 2314 1343 2364 Et

161 2382 253 2448 populi
272 2385 317 2448 qui
335 2384 393 2447 ΑΟ,
418 2384 456 2433 Ut
473 2382 564 2448 populi
583 2385 628 2445 qui
648 2383 678 2433 G.
696 2412 730 2419 -
747 2380 778 2448 3,
797 2379 813 2432 3
831 2383 959 2433 colibrum
979 2384 1007 2432 B.
1027 2409 1060 2417 -
1076 2381 1101 2447 4,
1123 2381 1135 2432 l
1154 2383 1191 2432 Et
1209 2384 1341 2449 supplices

161 2451 214 2514 (³13
233 2450 276 2501 die
294 2466 377 2516 gainae
396 2453 446 2502 Str.
465 2453 550 2501 lautet
567 2452 595 2500 in
614 2453 675 2501 KL:

553 2520 591 2570 Ut
608 2519 740 2585 supplices
758 2520 885 2570 exaudias

554 2588 649 2638 Pacem
668 2590 768 2638 cunctis
787 2592 814 2638 et
831 2588 958 2649 conseras,

554 2655 651 2706 Omnes
669 2655 759 2707 fideles
778 2661 811 2719 te,
831 2658 911 2714 Deus,

554 2724 717 2784 collaudent,
736 2730 827 2775 sancta
846 2726 960 2774 trinitas.

164 2795 258 2843 Diescr
277 2794 398 2856 llymnus
419 2794 454 2842 ist
477 2792 657 2844 selbstredend
680 2809 730 2843 nur
752 2795 796 2844 ein
813 2794 872 2843 Tell
898 2793 944 2842 dee
966 2793 1197 2858 vorlrergehenden
1221 2794 1272 2843 vurd
1295 2795 1346 2858 gilt

163 2861 230 2910 auch
248 2876 300 2909 von
319 2860 372 2910 ihm
388 2861 434 2910 das
454 2860 514 2910 dori
527 2862 672 2912 Bemerkte.
704 2863 754 2912 Die
772 2862 914 2927 Zuteilung
931 2860 1017 2911 dieser
1034 2862 1090 2912 drei
1103 2864 1225 2924 Hymnen
1244 2879 1276 2912 zu
1294 2862 1345 2912 den

163 2929 369 2980 versclriedenen
387 2931 560 2994 Tagesaeiten
578 2932 614 2980 ist
631 2927 816 2980 schwanlrend.

561 3148 623 3203 280.
660 3146 699 3203 llo
717 3150 814 3204 saneto
834 3147 946 3204 lecolo.

653 3268 696 3322 Ad
714 3268 854 3337 vesperas.

164 3393 292 3456 11111
316 3401 416 3452 cuncta
433 3394 553 3452 eredens
569 3394 728 3468 symbolum
780 3398 808 3457 4.
832 3394 992 3467 Suspensus
1015 3395 1059 3452 vir
1081 3394 1253 3453 Teutonicus

217 3479 354 3537 laetetur
377 3496 429 3552 per
451 3481 610 3552 apostolum
834 3481 996 3539 Procurans
1019 3480 1122 3553 ltospes
1146 3480 1257 3552 iniquus

215 3564 364 3640 Jacobum,
389 3581 451 3622 cum
474 3565 585 3624 laetitia
833 3566 871 3624 Et
894 3566 1015 3624 Tolosae
1037 3565 1228 3641 suspenditur,

217 3650 384 3709 Gratuletur
403 3650 553 3722 Hispania.
834 3653 966 3712 Mortuus
989 3651 1071 3709 vivus
1093 3651 1233 3708 redditur.

164 3754 192 3812 2.
217 3753 310 3810 Adest
333 3753 393 3810 dies
415 3753 604 3826 sanctissima,
782 3759 811 3815 5.
834 3754 951 3827 Iniquus
975 3753 1078 3824 hospes
1101 3752 1205 3829 rapuit,

217 3836 387 3899 Christianis
410 3837 575 3909 laetissima,
832 3841 891 3897 Aes
912 3837 1022 3897 Pictavi
1043 3838 1169 3909 retinuit,

219 3924 281 3994 Qua
300 3922 426 3984 Jacobus
449 3924 601 3983 virtutibus
833 3924 890 3982 Hic
911 3929 1030 3980 mortem
1054 3922 1090 3980 ob
1114 3922 1167 3981 hoc
1188 3923 1300 4001 incidit,

218 4009 343 4067 locatur
365 4008 394 4067 in
418 4010 596 4070 coelestibus.
835 4008 1057 4081 Pampilonunae
1079 4009 1193 4068 accidit.

168 4115 197 4173 3.
221 4111 388 4169 Resurrexit
411 4113 456 4170 vir
478 4112 615 4186 Gallicus,
783 4115 811 4175 0.
836 4111 950 4170 Animal
974 4112 1178 4189 accomodavit,

217 4197 371 4254 Parentum
393 4203 476 4256 uatus
499 4199 610 4275 unicus,
836 4196 910 4257 Huic
932 4201 1052 4254 mortem
1074 4197 1296 4270 praenuntiavit,

221 4281 318 4340 Sancti
340 4282 442 4343 Jacobi
464 4284 606 4360 precibus,
836 4283 991 4354 Apostolus
1015 4283 1166 4356 disparuit,

219 4366 333 4427 Meritis
358 4385 392 4426 ae
415 4369 574 4429 virtutibus.
836 4368 876 4427 Et
896 4368 1002 4427 animal
1024 4370 1147 4430 evanuit.
