2918 4868
614 281 844 346 ..201-

226 454 290 512 Alii
314 451 428 514 dicant:

499 574 626 647 Alleluja
648 575 677 632 iu
700 575 800 650 gloria,

500 660 542 717 Sit
565 660 627 718 Deo
648 661 712 718 laus
733 673 787 732 per
808 659 912 734 omnia,

499 745 668 804 Gmtuletur
688 745 811 804 aeclesia

498 831 590 889 Tanto
611 837 733 905 patrono
753 828 865 902 florida,

499 917 637 975 Laetetur
657 917 730 975 ooali
752 916 841 989 ouda,

498 1002 594 1074 Polus,
616 1003 702 1061 tellus
724 1002 875 1077 almaria,

500 1087 622 1147 Laetare
645 1094 743 1146 nostra
764 1087 898 1156 turmula,

499 1173 554 1231 Dio
576 1174 641 1233 Deo
660 1174 776 1232 laudum
800 1173 936 1234 earmina.

626 1345 833 1405 lutroitua.

226 1465 310 1524 iesus
341 1467 453 1524 vocavit
475 1463 615 1524 Jacobnm
636 1463 777 1522 Zebedaei
808 1469 837 1521 et
858 1462 1034 1534 iohannem,
1064 1459 1182 1521 fratrem
1205 1463 1316 1536 Jaoobi,

142 1562 170 1609 ot
193 1552 328 1624 imposuit
350 1552 391 1609 eis
414 1551 529 1608 uomina
550 1551 722 1622 Boanerges,
745 1548 821 1623 quod
844 1554 888 1606 est
910 1547 961 1606 tilii
983 1548 1111 1611 tonitrui.

228 1639 320 1709 Reges
343 1642 437 1694 terrae
459 1641 486 1692 ot
510 1650 607 1692 omnes
630 1635 739 1708 populi,
762 1635 908 1708 principes
931 1641 960 1691 et
974 1649 1071 1691 omnes
1084 1635 1198 1705 judices
1212 1639 1318 1713 terrae,

137 1725 257 1795 juvenes
280 1729 306 1778 ot
332 1723 456 1793 virgines
478 1736 560 1778 senes
583 1737 645 1778 cum
663 1719 825 1792 jnnioribns
845 1720 964 1778 laudent
979 1735 1078 1778 nomen
1095 1720 1220 1780 Domini.

224 1808 308 1864 Jesus
330 1807 442 1865 vocavit
464 1805 602 1865 iacobum
625 1805 768 1865 Zebedaei
790 1814 818 1863 et
838 1805 1007 1878 Jobauuem,
1032 1803 1150 1863 tratrem
1175 1805 1287 1865 Jaoobi.

225 1893 297 1963 Quia
320 1892 423 1950 bonum
447 1898 489 1948 ost
513 1899 542 1948 et
560 1891 728 1964 jucundum,
751 1890 882 1950 babitare
905 1889 1010 1950 iratres
1033 1892 1061 1949 in
1084 1908 1179 1954 unum.

229 1979 268 2036 Et
290 1979 424 2050 imposuit
446 1979 488 2035 eis
510 1978 625 2036 nomina
644 1977 817 2051 Boauergea.

226 2064 364 2134 Quoniam
395 2064 551 2120 tonitruum
582 2063 617 2121 de
646 2062 721 2121 nube
751 2061 907 2121 terrificum
930 2063 958 2119 in
982 2069 1077 2120 monto
1095 2063 1214 2122 Thabor
1235 2061 1316 2120 audi·

140 2156 239 2208 orarit:
265 2150 321 2207 Hio
344 2155 386 2206 est
411 2148 484 2206 tilius
507 2164 586 2207 mens
609 2149 740 2209 dilectus.

227 2235 307 2306 Quod
332 2240 374 2291 est
396 2233 448 2293 lilii
471 2235 600 2296 tonitrui.

227 2320 305 2378 Coeli
329 2326 465 2378 enarrant
487 2319 606 2392 gloriam
629 2319 682 2378 Dei
706 2325 733 2377 et
757 2325 852 2391 terra,
882 2334 961 2377 mare
984 2324 1013 2375 et
1034 2319 1129 2376 omnia
1152 2317 1266 2390 reptilia
1288 2318 1316 2376 in

140 2407 189 2477 eis,
213 2406 344 2479 quoniam
367 2405 516 2466 Dominus.

224 2495 309 2551 iesus
332 2490 444 2550 vocavit
464 2489 602 2551 iacobum
625 2489 768 2548 Zebedaei
790 2495 819 2547 et
840 2488 1010 2564 iohannem,
1033 2488 1152 2548 tratrem
1173 2489 1284 2551 aaroni.

230 2578 270 2636 Ut
292 2577 418 2634 mitteret
441 2592 489 2634 eos
509 2576 680 2649 praedicare
702 2592 818 2650 regnum
841 2575 906 2636 Dei.

226 2663 265 2722 llt
290 2662 426 2735 imposuit
448 2662 489 2720 eia
511 2661 627 2721 nomina
648 2661 822 2735 Boanerges.

224 2747 361 2822 Quoniam
383 2763 456 2806 unns
478 2763 494 2804 e
516 2747 687 2806 eoelestibus
709 2747 847 2806 intonuit:
871 2747 901 2804 in
924 2747 1067 2820 principio
1090 2752 1152 2805 erat
1174 2744 1302 2805 verbum.

224 2834 304 2908 Quod
328 2840 372 2891 est
394 2831 445 2891 tilii
467 2833 596 2896 tonitrui.

226 2920 326 2979 Gloria
348 2919 424 2993 patri
447 2925 476 2977 et
498 2917 556 2978 filio
576 2924 605 2976 et
626 2918 741 2991 spiritui
764 2922 873 2988 saneto,
897 2917 971 2974 siout
992 2922 1055 2975 erat
1077 2917 1106 2975 in
1129 2915 1273 2990 principio
1288 2921 1318 2973 et-

143 3022 218 3064 nuno
238 3012 267 3062 ot
288 3020 403 3078 semper
423 3010 450 3060 ot
474 3005 504 3061 iu
526 3004 642 3062 mocula
663 3004 850 3063 saeculorum.
895 3003 997 3064 Amen.

225 3091 329 3149 Omnes
360 3097 457 3163 gentes
487 3089 627 3162 plaudant
651 3086 799 3166 manibus,
827 3088 951 3160 jubilent
973 3088 1035 3146 Deo
1063 3088 1092 3146 in
1122 3103 1192 3147 vooe
1222 3087 1317 3145 exsul-

140 3177 266 3247 tationis,
290 3176 422 3248 quouiam
445 3175 584 3232 Dominus
607 3174 737 3233 excelsus
759 3172 907 3244 terribilis,
930 3189 982 3233 rex
1005 3189 1134 3247 magnus.

225 3264 309 3322 lesus
331 3261 444 3319 vocavit
472 3259 610 3321 iacobum
633 3258 775 3318 Zebedaei
797 3266 827 3317 et
847 3259 1026 3330 iohannem,
1057 3256 1175 3318 fratrem
1198 3257 1311 3328 iacobi,

140 3355 166 3404 et
192 3346 326 3419 imposuit
347 3347 389 3403 eis
409 3345 523 3403 nomina
545 3345 717 3419 Boauerges‚
739 3345 816 3419 quod
837 3351 881 3403 est
903 3343 956 3403 filii
980 3342 1109 3407 tonitrui.

664 3516 793 3592 Kyrie.

361 3630 543 3684 Fnlbortus
561 3630 748 3699 episeopus
765 3630 804 3684 de
822 3635 942 3684 sanato
959 3627 1096 3682 Jacobo.

491 3741 550 3798 Rex
573 3741 720 3815 immenso,
742 3746 828 3814 puter
846 3740 902 3813 pie,

575 3825 693 3901 eleison,

618 3911 719 3986 layna,
742 3911 860 3982 eleison,

491 3997 591 4057 Palmo
612 4001 716 4056 cuneta
737 3996 786 4071 qni
808 3995 966 4072 concludis,

576 4082 693 4154 eleison,

618 4168 721 4243 Kyrie,
743 4165 861 4239 eleison,

489 4253 603 4326 Sothen
625 4253 706 4311 theos
727 4251 889 4323 athanatos,

574 4340 690 4411 eleison,

618 4424 721 4498 Kyrie,
744 4421 864 4485 eleison.
