2918 4868
640 251 870 315 -244-

535 471 596 529 411.
633 471 671 528 lla
690 471 788 526 saneto
807 467 967 526 Prudentis.

616 627 647 680 In
666 625 747 694 Vesp.
766 631 794 680 et
808 624 892 679 Laud.

165 786 193 847 1.
216 786 264 844 Ad
286 784 410 857 laudem,
434 802 451 844 o
474 802 526 845 rex
549 785 640 861 hagie,
801 787 829 848 6.
854 784 1000 844 Plaudens
1027 784 1057 841 iu
1078 783 1164 842 laude
1186 787 1346 856 martyrum

217 872 295 930 Tuae
317 872 451 943 perennis
474 871 584 946 gloriae
858 868 976 928 Librum
999 869 1152 942 descripsit
1173 869 1305 935 alterum,

218 957 300 1016 Vitae
322 956 448 1015 dicatum
471 957 582 1015 hostiae
858 955 982 1029 Scripsit
1004 955 1173 1028 hymnorum
1196 953 1311 1011 tertium

218 1042 338 1101 Carmen
364 1041 501 1116 benignus
523 1042 645 1115 suscipe.
855 1041 977 1099 Diverso
1000 1047 1090 1099 metm
1112 1056 1253 1099 versuum.

171 1164 198 1223 2,
221 1162 273 1220 Bis
296 1160 355 1220 bini
376 1168 440 1221 rota
461 1162 599 1234 temporis
804 1162 833 1221 7.
856 1159 913 1218 Hic
935 1167 963 1217 et
986 1160 1023 1218 de
1044 1159 1122 1218 orbis
1146 1157 1257 1217 fabrica

219 1246 302 1304 Diem
325 1247 447 1306 revolvit
469 1247 592 1325 populis,
856 1247 1004 1318 Quendam
1027 1244 1155 1304 scribens
1178 1244 1337 1320 historiam,

221 1332 323 1391 Colaut
344 1339 376 1390 ut
395 1333 452 1405 ipsi
472 1333 584 1406 gaudiis
856 1332 1020 1404 Conseripit
1040 1331 1116 1388 inter
1137 1331 1195 1388 alia

220 1419 337 1477 Festum
359 1418 401 1475 tui
423 1418 566 1478 satellitis.
856 1417 897 1474 Et
918 1416 1090 1490 protoplasti
1113 1415 1260 1476 scandala.

173 1541 201 1599 3.
226 1537 357 1598 Clemens
379 1537 524 1596 accinctus
546 1536 657 1596 actibus
806 1539 834 1598 8.
859 1536 1040 1609 Calagurrita
1062 1535 1216 1608 praecluis,

221 1623 333 1682 Sensim
356 1621 449 1681 dictus
471 1623 655 1695 Prudentius,
862 1623 949 1680 Poeta
970 1623 1113 1694 quondam
1133 1620 1247 1691 nobilis,

223 1709 301 1781 Opus
324 1724 454 1767 crescens
477 1709 506 1766 in
529 1709 638 1781 melius,
860 1707 969 1764 Nomen
993 1704 1095 1766 famosi
1119 1706 1259 1779 praesulis

223 1793 349 1852 Vocatus
371 1800 401 1852 et
422 1794 567 1855 Aurelius.
859 1793 977 1851 liabens
999 1792 1079 1851 urbis
1099 1791 1255 1851 Tirasonis.

171 1917 201 1976 4.
220 1913 380 1972 Exterrens
400 1914 468 1972 inde
490 1914 640 1991 haeresim,
807 1917 836 1974 9.
860 1913 951 1985 Hujus
974 1928 1042 1986 ergo
1065 1910 1214 1971 Pmdentii

224 1998 327 2057 Fidem
350 1998 463 2057 diffudit
488 1999 640 2071 celebrem,
862 1998 976 2056 Sudulti
998 2015 1048 2056 nos
1066 1996 1217 2071 suffragiis,

221 2084 276 2143 Dei
298 2085 458 2143 accendens
480 2085 641 2158 lampadam
860 2084 931 2156 Ejus
955 2083 1033 2142 docti
1054 2083 1209 2156 pmdentia

222 2170 343 2229 0111111
366 2171 433 2229 tulit
454 2171 615 2245 imaginem.
864 2169 1008 2228 Vehamur
1029 2168 1067 2227 ad
1091 2168 1234 2227 coelestia.

170 2294 200 2354 5.
229 2290 329 2364 Fregit
351 2291 486 2349 latratum
509 2290 681 2362 Symmachi,
789 2291 837 2351 10.
863 2290 1047 2360 Quaesumus,
1072 2294 1172 2346 auctor
1192 2288 1326 2357 omnium,

222 2376 304 2434 Tunc
326 2373 486 2434 defensoris
507 2376 588 2448 idoli,
862 2378 895 2434 ln
920 2374 973 2432 hoc
996 2373 1125 2447 paschali
1146 2374 1250 2447 gaudio

225 2461 348 2535 Scripsit
370 2461 406 2520 de
427 2477 523 2534 pugna
545 2463 633 2519 animi
861 2459 907 2518 Ab
930 2461 1007 2517 omui
1029 2460 1130 2517 mortis
1152 2460 1260 2531 impetu

223 2546 263 2604 Et
283 2548 320 2606 de
342 2553 445 2606 natura
467 2546 539 2608 vitii.
862 2547 954 2605 Tuum
978 2543 1101 2604 deiende
1123 2545 1269 2618 populum.

531 2667 579 2726 11.
604 2665 704 2725 Gloria
727 2665 789 2738 tibi,
812 2664 943 2724 Domine.

239 2800 316 2850 Brev.
334 2800 509 2850 Tirasoncnse
533 2802 594 2866 imp.
613 2802 734 2851 Venetiis
754 2798 875 2851 14911.
899 2827 932 2834 -
954 2800 1030 2849 Brev.
1055 2817 1102 2849 ms.
1121 2798 1351 2863 Calagurritauum

174 2885 241 2918 saec.
265 2865 303 2917 15.
323 2867 385 2918 Cod.
404 2869 591 2919 salmanticam
613 2866 667 2919 186.
686 2870 716 2919 Β.
735 2898 769 2905 -
787 2870 838 2920 Str.
857 2866 873 2920 3
891 2869 955 2919 fehlt
967 2868 997 2917 B.
1016 2891 1052 2901 —-
1069 2866 1092 2929 6,
1114 2866 1264 2919 leudeus
1282 2869 1309 2916 in
1324 2870 1352 2916 B.

173 2963 206 2971 -
224 2934 249 2996 7,
267 2934 284 2987 4
302 2937 476 3002 protoplausti
496 2940 524 2986 ll.
542 2964 570 2971 —
585 2937 735 2988 Souderbar
754 2941 796 2998 ist,
815 2938 872 2988 dass
890 2954 942 2987 von
961 2937 1011 2987 den
1026 2934 1056 2988 10
1069 2937 1199 3000 Strophen
1211 2937 1256 2985 des
1270 2938 1352 2997 llym·

172 3021 222 3054 uus
245 3005 319 3056 sechs
343 3006 401 3055 dem
426 3006 536 3057 Dichter
560 3006 682 3056 Aurelius
704 3007 863 3056 Prudentius
882 3007 1003 3057 Clemens
1027 3005 1166 3072 getvidmet
1188 3004 1254 3054 siud.
1292 3006 1352 3055 Dio·

174 3074 265 3124 selben
284 3074 344 3124 sind
361 3076 389 3124 iu
407 3075 452 3125 der
470 3075 608 3138 folgenden
626 3076 806 3140 Bearbeitung
823 3076 869 3126 des
887 3077 1009 3140 Hymnus
1028 3075 1148 3125 antfemt.

557 3375 619 3432 421.
655 3375 693 3432 lte
711 3376 809 3434 sancto
830 3373 991 3433 Prudentia.

666 3530 709 3585 Ad
726 3530 868 3599 vesperas.

177 3691 204 3750 1.
230 3690 276 3751 Ad
299 3689 423 3767 laudem,
447 3707 464 3748 0
487 3706 538 3748 rex
561 3691 654 3767 hagie,
794 3694 821 3753 3.
845 3690 992 3762 Hispanus
1015 3690 1061 3747 hic
1080 3690 1189 3764 origine

228 3776 307 3834 Tuae
330 3775 465 3848 perennis
488 3776 597 3849 gloriae
845 3776 971 3834 Exortus
994 3782 1038 3833 est
1059 3776 1227 3836 Armentiue

229 3862 313 3920 Vitae
336 3861 460 3920 dicatum
486 3861 595 3920 hostiae
847 3861 873 3919 Ε
896 3860 985 3919 111111
1010 3861 1145 3935 progenie

231 3947 353 4006 Carmen
376 3948 498 4023 benigno
520 3948 643 4020 suscipe.
846 3947 960 4006 Simeno
983 3952 1065 4019 patre
1087 3947 1210 4008 nomine.

178 4069 207 4130 2.
231 4066 281 4123 Bis
302 4065 362 4124 hini
386 4073 448 4124 rota
468 4067 605 4139 temporis
794 4071 822 4128 4.
846 4065 1045 4124 Tirascnensis
1068 4067 1200 4139 primitus

231 4151 314 4209 Diem
338 4151 458 4210 revolvit
482 4152 605 4225 populis,
847 4151 902 4210 Est
923 4150 1016 4210 tactus
1038 4153 1228 4223 sacristariae,

232 4236 335 4295 Colunt
354 4242 386 4294 ut
408 4236 462 4309 ipsi
484 4238 596 4311 gaudiis
849 4237 898 4296 Fit
920 4237 987 4295 inde
1009 4239 1124 4310 praesul
1145 4238 1275 4310 protinus

232 4324 349 4382 Festum
373 4322 413 4380 tui
436 4323 578 4385 satellitis.
848 4321 927 4380 Nutu
950 4323 1004 4380 Dei
1027 4322 1231 4383 sanctissimus.
