2918 4868
632 284 845 348 ..39-

338 460 368 518 2.
390 457 460 515 Dies
483 456 630 530 remlitur‚
653 475 708 532 qua
729 457 798 515 urbs
822 455 978 516 fortissima

395 542 439 599 De
461 559 547 601 manu
567 543 677 601 tollitur
697 541 772 601 Afra
795 543 970 615 saevissima,

394 626 488 686 Datur
510 629 676 702 coningibus
698 626 756 686 fide
778 629 937 687 rectissima

438 713 558 771 Trinum
579 713 672 772 Deum
693 713 862 776 colentibus.

339 819 368 877 3.
391 818 460 876 Post
481 821 594 890 tempus
616 817 780 895 plurimum,
803 833 859 890 quo
881 814 936 874 iuit
957 817 1100 890 Hispania

394 901 534 975 Correpta
555 902 683 961 Arabum
707 900 770 960 iera
792 903 917 978 vesania,

392 987 521 1046 Tandem
543 989 605 1046 vult
626 988 775 1060 Dominus,
797 994 830 1046 ut
852 988 923 1046 haee
944 989 1056 1048 insania

436 1073 520 1132 Vires
544 1074 685 1147 deperdat
706 1074 848 1147 protinus.

334 1179 364 1236 4.
387 1175 429 1236 Ut
449 1175 490 1233 ibi
512 1176 610 1234 rutilet
632 1174 704 1234 fides
728 1175 870 1235 catholiea

392 1261 511 1334 Deoque
529 1261 635 1333 jubilet
656 1261 739 1334 plebs
761 1262 929 1338 apostolica,

392 1346 451 1407 Ubi
472 1353 623 1419 tantopere
645 1345 725 1405 fraus
749 1347 892 1406 diabolica

435 1434 535 1507 Longo
558 1433 688 1506 regnavit
710 1440 848 1505 tempore.

336 1539 365 1596 5.
387 1535 439 1607 Te,
462 1536 539 1594 trina
561 1534 655 1593 deitas
677 1551 798 1608 unaque,
822 1536 976 1611 poscimus,

392 1620 441 1680 Sic
461 1627 493 1679 tu
515 1637 567 1679 uos
589 1621 684 1691 visita,
707 1621 781 1678 sieut
803 1626 832 1678 te
854 1621 981 1693 colimus,

393 1707 450 1765 Per
471 1714 535 1766 tuas
557 1707 673 1766 semitas
694 1707 749 1764 due
770 1723 832 1779 nos,
855 1723 911 1780 quo
933 1706 1086 1778 tendimus,

434 1792 482 1852 Ad
504 1793 606 1869 lucem,
630 1809 715 1866 quam
737 1791 891 1853 inhabitas.

208 1912 286 1965 Offie.
306 1927 354 1962 ms.
372 1911 536 1963 Gramatanae
553 1927 621 1962 saec.
642 1907 681 1960 15.
701 1926 739 1962 ex.
761 1910 825 1960 Cod.
843 1912 929 1977 Capit
943 1910 1148 1974 Compostellani
1167 1927 1188 1959 a.
1201 1927 1226 1959 n.
1243 1911 1274 1959 Α.
1288 1935 1323 1945 -

139 1983 216 2033 Brev.
236 1982 402 2032 Gramateuse
425 1983 484 2045 imp.
498 1980 631 2032 Grauatae
657 1977 730 2029 1544.
749 1980 779 2029 Β.
798 2005 829 2013 -
849 1977 878 2040 2,
902 1976 914 2028 l
935 1981 981 2043 qni
1000 1981 1062 2028 urbs
1080 1981 1109 2028 B.
1127 2005 1162 2013 -
1179 1976 1206 2038 2,
1230 1975 1323 2028 2atra

139 2052 302 2101 saevissima
327 2051 356 2099 B.
382 2074 416 2085 ·-
440 2046 467 2110 2,
493 2045 509 2097 3
531 2050 616 2098 Datur
639 2050 723 2115 prinei
743 2050 803 2098 ibus
829 2050 860 2112 B3
883 2048 927 2097 die
949 2047 1073 2112 conjuges
1098 2046 1156 2095 sind
1182 2047 1224 2096 die
1247 2063 1321 2113 reges

139 2119 266 2170 catholici
285 2118 435 2169 Ferdinand
454 2117 508 2168 und
525 2117 649 2167 Isabella.
670 2143 700 2151 -
720 2066 744 2178 X,
767 2115 777 2166 l
797 2117 848 2166 init
866 2116 999 2179 einsilbig.

445 2283 488 2341 25.
523 2283 555 2340 ln
573 2281 754 2340 lladieatione
771 2280 852 2339 urbia
870 2282 1020 2338 dranatae.

646 2406 690 2458 Ad
704 2404 819 2458 Laudes.

142 2534 171 2592 1.
197 2529 324 2587 Verbum
346 2545 500 2602 supernum
524 2529 663 2588 dimicans
758 2533 787 2590 3.
811 2531 900 2600 Quam
923 2543 1010 2600 saepe
1031 2534 1117 2600 negat
1139 2527 1297 2603 Mahumot,

196 2613 345 2674 l'ernaudi
367 2615 441 2688 regis
464 2615 591 2690 dextera,
810 2616 936 2673 Arianos
955 2613 1151 2688 stultissimus,

197 2700 343 2759 Granatae
363 2717 478 2773 reguum
503 2701 635 2759 vendicat
810 2700 932 2758 Fatetur
953 2706 1048 2757 tamen
1071 2700 1202 2771 ipsemet,

196 2787 339 2860 vergente
360 2786 459 2844 muudi
482 2802 608 2858 vespere.
811 2786 892 2856 Quod
913 2784 996 2842 Jesus
1019 2783 1073 2842 luit
1094 2784 1298 2842 sanctissimus.

142 2893 172 2953 2.
196 2890 230 2949 Iu
252 2905 309 2962 quo
327 2889 386 2960 J'am
410 2888 495 2947 lnodie
517 2889 665 2947 extollitur
758 2891 788 2949 4.
811 2888 876 2946 Nou
900 2888 977 2959 eupit
999 2887 1048 2944 ille
1070 2887 1220 2959 insipiens.

196 2975 325 3033 Maxima
347 2973 427 3033 verbi
450 2975 583 3047 dignitas,
810 2974 893 3046 Quod
915 2972 969 3030 Dei
992 2973 1198 3044 omnipotentia

199 3061 271 3120 Cum
293 3060 380 3117 eorde
402 3067 431 3117 et
452 3076 502 3117 ore
524 3060 628 3118 colitur
812 3058 855 3117 Sit
878 3058 1018 3116 hominem
1041 3058 1198 3130 suscipiens

197 3147 274 3205 Vera
297 3145 359 3216 ejus
382 3145 526 3206 diviuitas.
812 3143 897 3202 Salva
919 3144 1067 3216 utriusque
1090 3144 1223 3206 essentia.

502 3253 531 3308 5.
554 3248 631 3325 Laus
651 3248 713 3306 Deo
737 3247 816 3306 Patri
839 3252 868 3304 et
888 3247 964 3303 Filio

556 3332 621 3393 Una
644 3349 707 3391 cum
730 3349 811 3390 sacro
833 3331 957 3403 flamine,

554 3419 615 3490 Quo
638 3419 757 3477 verbnm
780 3435 847 3476 euro
869 3415 975 3475 iactum
998 3423 1042 3473 est

555 3504 601 3562 Ex
624 3504 737 3562 illibata
759 3503 877 3577 virgine.

212 3622 288 3674 Offir„
306 3638 354 3672 ms.
370 3621 534 3673 Grunatense
552 3637 619 3672 saar.
639 3618 670 3671 15
696 3638 735 3671 ex.
753 3620 817 3671 (lod.
836 3620 921 3686 Capit
941 3619 1149 3684 compostellani
1167 3636 1187 3669 a.
1204 3636 1229 3670 n.
1244 3621 1275 3669 Α.
1287 3646 1321 3655 -

138 3696 219 3745 Brev.
238 3693 403 3744 Grauatense
421 3692 482 3756 imp.
501 3690 634 3741 Gradatae
654 3687 727 3740 1544.
747 3692 776 3739 B.
797 3717 826 3724 —
849 3688 871 3751 l,
892 3687 903 3738 l
923 3689 973 3738 lies
991 3688 1120 3737 dimicat?
1142 3714 1176 3722 -
1193 3684 1217 3747 3,
1236 3685 1253 3738 4
1271 3689 1321 3738 init

140 3762 241 3812 wieder
258 3760 390 3825 eiusilbig.

288 3926 330 3983 26.
366 3924 397 3983 ln
416 3926 496 3983 leste
513 3923 705 3983 Exultationis
722 3922 799 3982 Fidei
818 3939 868 3980 seu
886 3921 915 3978 in
935 3923 1007 3980 festo
1027 3922 1178 3995 (inaratae.

595 4050 625 4102 lu
646 4048 725 4116 Vosp.
744 4055 771 4102 et
788 4047 873 4101 Laud.

138 4180 172 4239 i.
195 4177 231 4235 In
255 4175 366 4234 euntieo
387 4175 514 4233 laetitiae
759 4177 788 4233 2.
810 4174 850 4231 Et
869 4172 947 4229 orbis
970 4173 1056 4229 cosmi
1077 4171 1189 4244 integer

194 4261 366 4334 Applaudat
387 4266 466 4318 terra
488 4261 602 4334 gaudio,
811 4259 944 4316 Exsultat
971 4264 999 4315 et
1021 4257 1185 4331 salubriter,

195 4347 433 4409 Christicolarum
456 4347 548 4419 glmia
811 4343 948 4402 Nostrum
971 4345 1055 4400 elium
1078 4343 1231 4414 praecipue

196 4432 339 4492 Felieium
361 4432 475 4493 eximia.
813 4429 939 4488 llliberis
961 4429 1109 4487 solamine.
