2918 4868
636 226 866 291 -272-

164 400 191 461 7.
214 399 366 460 Ulisibona
391 400 500 471 civitas,
777 404 805 462 8.
830 403 968 459 Laetatur
990 418 1065 459 nune
1087 401 1230 475 Hispania

215 486 256 543 Tc
279 502 386 544 summa
409 486 516 545 Christi
539 488 632 560 pietas
830 488 887 547 Pro
910 487 982 546 civis
1004 487 1047 545 sui
1070 488 1171 564 gloria,

214 570 320 644 Magno
343 572 446 631 ditavit
468 569 594 650 foenore,
830 573 919 645 Quem
942 572 1072 632 Christus
1094 589 1148 647 pro
1171 573 1310 648 martyrio

215 657 353 730 Martyris
376 657 419 716 sui
443 673 572 730 corpore.
831 658 953 717 Locavit
975 658 1047 717 coeli
1070 659 1151 719 solio.

230 793 305 841 llrcv.
324 792 554 859 Calagurritauum
579 798 605 843 et
624 793 787 844 Calciatcnse
811 797 872 859 imp.
892 794 1017 843 Lucronii
1047 789 1120 844 1543.
1139 820 1171 829 -
1189 791 1253 854 4,4
1279 795 1342 844 lies:

161 859 311 925 Emigravit
329 878 343 911 e
361 862 487 912 saeculo?
507 889 538 898 —
558 860 582 925 7,
604 860 615 912 l
636 863 784 913 Elisibona.

541 1111 601 1168 476.
637 1109 677 1169 llo
695 1112 792 1168 saneto
810 1110 965 1169 Vincentio.

664 1248 706 1304 Ad
726 1249 839 1304 Laudes.

163 1395 190 1452 1.
217 1393 284 1450 Post
307 1393 388 1450 ducis
412 1392 456 1450 ira
478 1391 591 1452 fervida
778 1396 807 1454 3.
831 1393 960 1451 Devictis
983 1392 1165 1451 carnificibus

216 1477 335 1535 Levitae
357 1477 486 1536 membra
508 1478 662 1551 splendide
833 1479 1003 1537 Stremcotis
1024 1478 1201 1536 mollioribus

218 1565 367 1637 Praecepit
391 1563 572 1622 carnificibus
833 1562 968 1622 Sanctum
992 1581 1096 1636 corpus
1119 1564 1276 1637 repositum

214 1648 332 1707 Torreri
355 1665 442 1722 super
463 1648 585 1722 ignibus.
833 1649 894 1708 Deo
918 1650 1047 1708 reddidit
1068 1650 1211 1722 spiritum.

163 1787 190 1844 2.
214 1784 291 1842 Hinc
313 1791 407 1843 taetro
428 1792 523 1843 trusus
545 1801 660 1844 carcere
779 1789 807 1846 4.
832 1787 855 1845 0
879 1785 1000 1855 Christe,
1024 1801 1091 1858 spes
1113 1787 1250 1858 fidelium,

214 1871 443 1946 Cunctipotcntis
465 1887 582 1928 munere
831 1872 886 1930 Per
909 1872 1013 1929 levitae
1036 1872 1202 1944 martyrium

215 1956 389 2029 Angelorum
412 1955 549 2028 obsequio
829 1957 875 2015 Da
896 1956 979 2015 uobis
1002 1955 1059 2014 frui
1081 1958 1186 2031 gaudio

217 2042 354 2100 Laetatus
376 2048 421 2100 est
441 2042 574 2114 alloquio.
830 2044 863 2101 ln
887 2050 1042 2115 martyrum
1067 2043 1218 2102 consortio.

522 2166 550 2223 5.
574 2162 617 2222 Sit
638 2162 712 2237 laus,
736 2160 825 2221 bo'nor
846 2161 972 2235 ingenito

573 2248 661 2320 Petri,
685 2255 762 2319 ueto,
785 2248 935 2325 paraclito,

573 2333 627 2408 Qui
649 2339 791 2394 certantes
813 2332 939 2392 fideliter

574 2420 747 2478 Remunerat
773 2417 905 2477 feliciter.

232 2556 307 2605 Brev.
326 2572 372 2604 ms.
393 2554 621 2620 Calagurritanum
645 2569 714 2605 saec.
735 2551 773 2605 15.
800 2552 863 2604 (lod.
882 2552 1069 2603 Salmanticen.
1091 2550 1146 2602 186.
1165 2553 1195 2602 Α.
1216 2578 1248 2586 -
1265 2554 1340 2601 Brev.

164 2623 393 2687 Calagurritanum
412 2629 439 2672 et
457 2624 621 2673 Calciatcnse
640 2626 701 2688 imp.
720 2623 846 2672 Lucrouii
868 2618 940 2670 1543.
961 2623 988 2670 ll.
1008 2647 1040 2655 -
1060 2623 1153 2671 Dieser
1167 2621 1287 2685 Hymnus
1306 2623 1342 2670 ist

162 2708 212 2742 uur
227 2693 271 2742 eiu
288 2692 345 2742 Tcil
363 2689 481 2754 (divisio)
498 2692 544 2741 des
557 2694 677 2755 Hymnus
689 2691 823 2741 vincentii
840 2692 1002 2755 martyrium,
1021 2693 1069 2739 mit
1086 2689 1210 2740 welchem
1228 2707 1256 2740 er
1274 2689 1341 2739 auch

162 2762 191 2810 iu
208 2761 231 2811 B
248 2776 298 2810 nur
316 2762 359 2811 ein
377 2761 480 2811 Garrzes
498 2761 588 2810 bildet.
624 2762 675 2810 Die
692 2760 841 2826 Doxologie
859 2758 906 2809 hat
924 2775 973 2808 nur
991 2759 1021 2809 t.

542 3010 601 3068 477.
638 3009 676 3069 lle
692 3014 790 3069 saneto
807 3008 962 3068 Vlueentio.

648 3149 690 3203 lld
712 3150 853 3219 vesperas.

168 3293 193 3354 1.
218 3293 371 3353 Venustam
395 3290 477 3363 plebs
500 3292 629 3365 martyrii
779 3297 807 3353 t.
831 3292 893 3350 Nec
915 3293 1004 3349 hostis
1026 3291 1110 3348 minis
1133 3289 1249 3346 territus

217 3378 343 3437 Palmam
368 3383 465 3435 cantet
488 3376 639 3449 Viuoeutb,
832 3378 888 3436 Sed
912 3378 942 3434 in
964 3393 1061 3435 amore
1084 3375 1198 3433 deditus

218 3463 271 3534 Qui
294 3464 395 3521 stolam
418 3463 484 3536 agni
507 3463 643 3536 sauguine
831 3463 885 3521 Ilei
907 3463 1021 3534 mansit,
1044 3468 1076 3519 ut
1098 3458 1202 3534 gaudio

219 3549 303 3607 Lavit
324 3548 449 3606 imbutus
471 3547 593 3608 flamine.
831 3549 910 3608 Coeli
935 3554 1061 3605 maneret
1084 3546 1168 3606 atri0.

164 3689 193 3747 2.
215 3686 269 3758 Qui
292 3686 416 3744 emdclia
438 3685 573 3759 supplicii
779 3692 807 3748 5.
831 3685 944 3745 Audaci
967 3683 1053 3742 verbo
1075 3682 1210 3756 protulit:

217 3774 341 3831 Poenam
363 3771 445 3844 signo
466 3770 592 3844 prodigii
831 3771 897 3830 Sum
923 3769 1026 3845 tidelis,
1051 3785 1102 3827 cur
1123 3768 1237 3826 sustulit

219 3858 298 3916 Tulit
320 3857 417 3915 cordis
440 3857 587 3914 conamine
832 3856 994 3916 Passionem
1018 3854 1138 3926 equuleo

218 3943 338 4002 Deciani
356 3944 519 4004 certamine.
831 3942 905 3999 Vero
929 3940 1024 3999 dando
1046 3939 1146 3997 laudes
1169 3938 1238 4001 Deo.

167 4084 196 4142 3.
219 4083 277 4141 Pro
297 4079 356 4139 fide
378 4085 511 4137 constans
534 4080 653 4151 exstitit,
778 4083 806 4140 6.
831 4076 1029 4150 Triumphauit
1055 4075 1186 4146 viriliter,

218 4165 299 4239 Pugil
322 4171 447 4224 tutamen
468 4166 612 4238 praestitit
832 4164 907 4222 Dum
927 4169 1075 4235 pateretur
1096 4160 1210 4231 aeriter,

216 4251 347 4312 Rationis
370 4267 432 4308 cum
455 4252 565 4323 proelio
831 4250 867 4308 Ut
892 4249 1028 4322 gauderet
1052 4247 1186 4304 aethereo

217 4338 324 4398 Christi
346 4335 435 4395 fultus
456 4337 610 4410 praesidio.
831 4335 910 4394 Coeli
932 4334 1038 4393 sanctis
1060 4348 1204 4405 empyreo.
