2918 4868
611 278 844 344 -177-

151 458 181 517 4.
204 456 273 529 Quis
296 455 350 514 hoc
371 470 402 512 se
423 454 577 513 ostendens
819 455 902 513 Dixit
922 454 1088 527 Emilerius,

243 546 343 614 pastor
364 539 454 599 honus
476 538 578 598 ordine
600 538 695 599 fatur:
856 540 933 613 quod
955 556 989 599 ea
1011 540 1175 603 transiverit
1198 542 1277 618 hora,

203 627 315 685 Adsum
338 642 399 700 ego,
422 624 446 683 si
469 624 590 699 spolium
819 626 882 697 Qua
903 631 971 684 tune
992 624 1126 685 florentes

243 711 380 785 quaeritis
402 727 465 770 esse
487 726 588 770 meum.
858 711 965 772 severit
986 711 1034 784 ipe
1056 708 1148 772 lebas.

152 872 180 928 5.
204 866 333 938 Namque
355 881 406 939 ego
428 882 480 938 pro
503 865 610 927 Chrirti
883 884 924 942 1„
947 885 976 942 2·
1001 883 1195 955 Vesperi&

242 968 303 1009 snm
327 950 464 1026 religione
485 957 613 1026 paratus,

206 1037 383 1110 Supplicium
406 1042 436 1092 cc
457 1037 557 1095 mortis
756 1018 791 1080 R·
811 1019 834 1078 0
857 1018 969 1096 mutter,
992 1035 1065 1116 oue
1085 1025 1114 1077 te

242 1122 353 1197 spicula
372 1137 500 1196 quaeque
521 1123 593 1196 pati.
861 1103 991 1165 reddidit
1012 1104 1081 1163 mihi
1104 1121 1191 1165 eausa
1212 1105 1314 1164 moles·

1112 1198 1180 1263 tam,

304 1307 344 1357 Ad
363 1305 530 1357 Benedictus,
819 1277 877 1337 Clu
897 1276 1011 1348 genitae
1032 1293 1087 1335 non
1111 1277 1163 1336 das

859 1360 1028 1435 obsequiosa
1045 1363 1152 1431 locum,

139 1448 175 1508 A.
200 1447 277 1520 Ergo
299 1446 348 1503 uhi
372 1450 536 1502 scrutantur
818 1446 946 1520 Suscipe‚
969 1447 1045 1520 qnod
1068 1447 1187 1521 gravida
1215 1483 1220 1491 ·

240 1532 333 1590 luctus
356 1531 550 1602 scelerumque
569 1528 701 1605 ministri,
859 1538 986 1604 gestaras
1009 1532 1111 1606 pignus
1133 1534 1162 1590 in
1185 1534 1259 1604 alvo,

202 1617 319 1677 Fecerit
340 1634 376 1674 an
399 1616 451 1672 illa
756 1616 790 1674 V.
818 1616 858 1674 Et
879 1617 936 1675 noli
959 1617 1079 1690 imperio
1234 1618 1236 1624 ‘

242 1708 325 1775 parte
347 1701 468 1760 Severus
485 1700 549 1771 iter,
842 1702 941 1761 durior
962 1718 1025 1761 esse
1046 1719 1119 1766 meo.

206 1823 282 1870 Brav.
300 1819 494 1869 Barcinonenss
512 1819 574 1884 imp.
587 1818 753 1869 Barcinonae
772 1814 845 1870 1540.
864 1847 897 1856 -
915 1821 947 1871 In
967 1816 988 1870 l.
1001 1821 1080 1888 Veap.
1098 1821 1132 1872 ed
1145 1823 1233 1888 Magn.
1253 1818 1282 1884 Α,
1300 1819 1317 1874 3

139 1890 324 1955 Sanguineam.
351 1918 381 1924 —
408 1886 475 1937 Ihid.
494 1884 510 1935 8
528 1884 590 1939 lies:
612 1887 732 1937 vectibus
750 1887 813 1937 oder
830 1889 946 1940 ictibus?
967 1916 1001 1926 ·-
1023 1891 1054 1940 In
1075 1886 1097 1940 l.
1116 1892 1190 1941 Noct.
1209 1886 1230 1939 Α
1247 1888 1276 1951 3,
1299 1889 1317 1943 4

138 1957 232 2007 saluta.
252 1983 285 1991 -
304 1953 324 2006 R
343 1955 366 2016 2,
385 1956 401 2007 8
420 1972 477 2021 ope.
496 1980 529 1989 -
545 1949 564 2002 R
582 1952 606 2014 3,
625 1953 641 2004 5
661 1970 700 2021 sq.
718 1955 797 2022 quale
817 1973 929 2008 memore
947 1960 1062 2024 regions.
1081 1955 1147 2008 -R
1165 1956 1189 2021 3,
1208 1956 1225 2011 8
1240 1975 1315 2026 para·

140 2028 183 2075 rit.
205 2055 233 2062 -
253 2028 284 2076 ln
302 2024 327 2077 3.
347 2027 420 2075 Noai.
440 2021 460 2073 Α
478 2021 503 2085 3,
521 2021 538 2073 2
553 2025 636 2074 lactus
655 2025 767 2091 agmine.
786 2050 819 2058 —
838 2026 868 2075 In
887 2023 911 2075 2.
930 2026 1010 2092 Vesp.
1028 2027 1061 2077 ad
1079 2028 1168 2093 Magn.
1182 2025 1202 2077 Α
1217 2030 1316 2095 impius

141 2111 202 2146 ecce
220 2097 293 2145 venit
310 2101 358 2147 etc„
377 2095 426 2144 wie
445 2095 472 2142 in
489 2092 536 2142 der
553 2098 640 2143 ersten
657 2092 764 2158 Vesper.

544 2258 587 2316 tt.
621 2255 660 2314 lle
678 2257 778 2316 saneta
796 2257 908 2316 Thecla.

264 2390 305 2448 ln
332 2391 357 2450 l.
381 2388 580 2462 Vesperis.
763 2390 792 2448 3.
814 2388 842 2446 A
864 2387 986 2447 Domirm
1008 2405 1108 2461 pacem

312 2511 350 2561 ,qd
371 2509 532 2575 Magnificat.
859 2473 1037 2547 promissam,
1061 2471 1117 2547 iac,
1141 2475 1305 2539 habeamus.

137 2616 173 2675 Α,
199 2615 286 2688 Virgo
309 2614 363 2674 Dei
385 2614 501 2685 Thecla,

245 2700 332 2759 claris
354 2699 496 2759 natalibus
518 2704 590 2775 orta,

201 2789 279 2860 Quae
301 2792 411 2859 martyr
432 2784 540 2845 Christi

243 2879 308 2945 post
327 2872 472 2930 Christum
494 2868 588 2943 prima
610 2866 699 2940 inisti,

201 2957 287 3015 Docti
309 2974 375 3016 narn
398 2955 480 3017 Pauli

246 3043 333 3102 vitam
355 3049 453 3100 secuta
475 3041 614 3118 magistri,

203 3127 263 3185 Nos
283 3129 386 3203 jnngas
406 3127 530 3196 Christo,

240 3214 344 3272 mundo
366 3213 414 3286 qni
438 3212 558 3270 vivimus
580 3213 645 3274 ieie.

940 2645 1125 2709 Responsoris.

765 2751 792 2810 1.
815 2750 923 2809 Thecla
945 2749 1014 2807 colit
1036 2748 1180 2810 Christum

858 2835 921 2893 diro
944 2841 1081 2908 regnante
1105 2834 1228 2911 Nerone,

816 2921 897 2980 Pauli
920 2920 998 2979 dicta
1017 2935 1137 2994 sequens

856 3006 991 3064 mundum
1024 3022 1214 3080 sponsumque
1247 3007 1313 3065 reli-

1108 3092 1186 3166 auita

752 3177 783 3234 V.
814 3177 960 3236 laudetur
982 3177 1129 3254 Dominus,

855 3263 902 3335 qui
925 3263 1060 3322 Theclam
1083 3262 1261 3329 clarificavit.

260 3385 314 3444 Ad
336 3384 575 3444 Matutinnm.
762 3386 790 3443 2.
815 3382 910 3443 Mater
931 3383 1047 3443 turbata

322 3504 514 3554 lavinarium.
858 3475 953 3527 natam
975 3468 1094 3528 turbare
1115 3467 1239 3543 volebat,

816 3553 903 3629 Virgo
925 3553 981 3614 Dei
1002 3554 1111 3614 Thecla

201 3609 316 3670 Laudes
339 3615 494 3686 ΜΘΝ
619 3694 625 3706 ,
858 3645 992 3700 constans
1018 3647 1047 3699 et
1067 3639 1150 3700 firma
1171 3639 1313 3714 manebat,

243 3712 276 3754 en
301 3702 400 3770 regnat
422 3695 538 3767 Thecla,
562 3700 666 3754 venite.
752 3726 787 3785 v·
815 3726 917 3786 Gratia
938 3726 1011 3785 mim
1034 3726 1098 3800 Dei,

858 3827 931 3886 quae
950 3812 1022 3871 mire
1043 3813 1086 3871 sic
1106 3817 1252 3887 operatur.

257 3869 297 3926 In
323 3868 349 3928 1.
374 3867 578 3927 Nocturno.
970 3905 975 3916 ·

764 3934 792 3993 3.
816 3933 912 3992 Mater
934 3949 990 3992 non
1012 3933 1106 4008 potuit

329 3986 503 4051 Antiphonem·
857 4023 984 4078 sanctam
1007 4019 1144 4078 seducere
1163 4025 1269 4090 natam,

150 4093 177 4150 1.
201 4090 261 4148 Ista
284 4090 345 4147 dies
368 4106 504 4162 praesens
815 4104 955 4177 Implorat
977 4113 1077 4177 mater,

243 4182 287 4232 est
308 4175 431 4235 Theclae
454 4175 553 4235 dedita
573 4176 662 4237 laudi.
858 4196 890 4249 ut
908 4190 998 4263 judex
1021 4190 1117 4249 deleat
1136 4190 1226 4262 illam,

147 4280 176 4339 2.
200 4278 288 4352 Virgo
310 4277 426 4350 Thecla,
450 4279 502 4337 tibi
752 4278 786 4337 V.
815 4275 922 4336 Thecla
943 4282 1039 4335 manet
1062 4273 1146 4334 fortis

242 4364 431 4437 psallentibus
453 4364 601 4426 auxiliare.
855 4368 888 4419 ut
909 4361 1016 4421 Christi
1039 4360 1121 4419 lirma
1144 4358 1283 4419 columna.

186 4471 297 4518 nirves.
313 4470 432 4523 symeon·
446 4471 552 4513 arnseo.
578 4470 606 4512 11.
1129 4457 1159 4510 12
