2918 4868
638 252 866 320 -202.-ν

535 417 596 474 350.
632 417 672 475 tta
689 416 956 475 sanemaroaatia.

623 538 666 592 Au
683 538 856 593 Nocturnum.

160 665 186 725 1.
212 663 354 722 leocadia
377 663 462 722 laude
486 665 581 737 digna,
777 667 805 723 4.
829 663 893 722 Hac
914 661 1021 721 suffusa
1042 662 1201 720 acerbitate

212 749 299 823 Virgo
323 749 394 807 civis
416 748 496 807 urbis
518 755 642 821 nostrae,
829 749 933 806 Pressa
956 748 1080 806 carceris
1102 748 1222 806 horrore

212 834 325 907 Martyr
347 842 455 904 sancta,
480 851 564 907 quam
589 834 687 893 divina
831 834 971 892 Constans
994 834 1074 906 virgo
1096 833 1125 890 in
1149 835 1268 892 caritate

212 920 310 979 Virtus
333 920 406 978 terit
428 920 456 977 in
481 936 579 993 agone.
827 919 897 993 Egit
918 920 1041 978 animam
1064 934 1203 980 moerore.

161 1026 191 1083 2.
214 1019 333 1095 Before,
356 1038 469 1095 precor,
493 1019 592 1080 favore
776 1025 804 1081 5.
829 1021 974 1081 Christum
997 1037 1050 1094 per
1071 1027 1192 1079 mortem
1214 1029 1313 1081 secuta

212 1108 304 1168 Tuum
325 1109 422 1166 natale
445 1108 581 1180 colentes,
828 1106 924 1165 Minas
945 1113 1050 1183 truces,
1076 1122 1175 1166 career
1197 1107 1300 1166 durum

211 1195 285 1266 Quos
308 1193 337 1250 in
360 1193 499 1250 scelerum
524 1193 623 1250 dolore
828 1193 925 1251 Minus
948 1193 1059 1250 horruit
1081 1209 1166 1265 quam
1188 1193 1298 1266 polluta

215 1279 288 1336 Vere
309 1280 437 1350 poenitet.
460 1283 612 1351 gementes.
828 1277 902 1336 Fide
925 1278 1012 1350 pollui
1037 1286 1254 1340 sacramentum.

158 1384 187 1441 3.
214 1380 296 1439 Velut
320 1381 411 1439 lilium
434 1381 462 1438 in
486 1381 605 1453 pudore,
774 1383 802 1440 6.
830 1381 941 1438 Laudes
964 1385 1081 1437 sanctae
1104 1380 1226 1438 trinitati

215 1467 280 1524 Vita
301 1467 378 1523 mitis
401 1473 430 1522 et
452 1466 591 1536 modesta,
828 1466 931 1536 Corde,
956 1482 1024 1522 voce
1046 1466 1203 1538 psallimus,

215 1552 302 1624 Virgo
324 1558 437 1609 mortua
459 1557 503 1608 est
526 1567 655 1609 moerore
830 1551 917 1622 Cujus
940 1552 988 1608 nni
1011 1552 1153 1623 majestati

216 1637 311 1694 Morte
333 1643 491 1710 martyrum
512 1637 639 1696 molesta.
832 1637 905 1694 Vota
928 1644 1026 1694 nostra
1048 1637 1204 1696 reddimur.

229 1755 304 1803 Brev.
322 1755 478 1804 Toletauum
503 1756 564 1818 imp.
584 1752 692 1819 Hispali
718 1749 792 1803 1493.
827 1753 964 1803 Versaaser
985 1755 1020 1802 ist
1039 1753 1188 1818 Alplronsus
1206 1754 1287 1803 Ortiu.
1307 1782 1339 1790 —-

159 1820 183 1880 2,
201 1819 218 1871 2
237 1822 389 1872 recolentes.
408 1850 440 1859 -
459 1819 483 1884 2,
502 1820 519 1872 3
538 1825 564 1871 in
584 1838 708 1872 moerore.

517 1986 572 2044 351.
608 1987 647 2044 Ite
665 1988 763 2044 sancto
780 1985 953 2043 beonbardo.

607 2108 648 2161 nd
666 2108 746 2177 Vesp.
765 2115 792 2162 et
810 2108 894 2162 Laud.

164 2236 191 2296 1.
213 2235 324 2311 Gaude,
349 2239 440 2292 mater
463 2233 593 2301 ccclesia,
775 2236 804 2293 4.
830 2233 974 2306 Despecta
997 2234 1071 2306 regis
1094 2234 1172 2292 curia

214 2321 278 2379 Hoc
304 2319 411 2378 celebri
434 2319 580 2393 solemnio,
828 2319 865 2376 Se
888 2319 1011 2377 tradidit.
1032 2320 1142 2395 exsilio,

211 2408 272 2479 Quo
296 2406 450 2463 decorator
471 2405 563 2477 gloria
830 2405 943 2462 Deserti
967 2411 1067 2477 petens
1090 2405 1183 2480 devia,

215 2491 334 2551 Atblota
357 2490 427 2549 coeli
451 2491 532 2552 solio.
831 2491 887 2548 Viti
911 2491 1024 2548 clausus
1047 2492 1170 2565 tugurio.

160 2599 187 2656 2.
211 2592 400 2652 leonhardus
423 2592 550 2651 convicia
777 2596 805 2653 5.
829 2589 973 2650 Praebent
997 2591 1075 2650 ferae
1097 2592 1201 2652 solatia

213 2679 317 2737 Fretus
341 2678 395 2737 Dei
418 2677 524 2735 auxilio
830 2678 899 2735 Cum
921 2678 1008 2736 animi
1033 2679 1175 2736 consortio

213 2764 366 2836 Superavit
388 2762 516 2835 potentia
830 2763 1000 2821 incontrardo
1024 2764 1158 2822 coelestia

215 2850 292 2907 Bene
315 2865 444 2921 pugnans
467 2847 495 2904 in
517 2848 620 2907 stadio.
830 2849 1004 2921 Deposeenti
1023 2850 1141 2921 jejunio.

167 2956 195 3013 3.
218 2952 305 3011 Ortus
328 2950 364 3008 de
386 2951 476 3022 stirpe
499 2951 578 3022 regia
779 2957 809 3013 6.
833 2953 971 3009 Laetatur
993 2967 1110 3010 consors
1133 2952 1211 3026 regia

212 3037 381 3110 Baptizatur
402 3035 541 3112 Remigio,
833 3039 936 3095 Partus
960 3044 1073 3109 recepto
1096 3038 1210 3110 gaudio,

211 3124 264 3196 Qui
290 3123 421 3180 Remensi
442 3121 563 3179 ecclesia
832 3121 945 3179 Gaudet
967 3128 1082 3180 sanctas
1104 3124 1142 3181 ad
1165 3124 1263 3182 munia

214 3208 325 3280 Agebat
349 3206 504 3280 pontificio.
830 3206 992 3264 Distributo
1015 3209 1136 3279 peculio.

519 3309 546 3368 7.
570 3307 614 3366 Sit
635 3308 758 3366 trinitati
779 3308 880 3385 gioria,

573 3394 634 3451 Deo
657 3394 735 3467 patri
757 3394 876 3471 attilio,

570 3482 657 3554 Luae,
680 3480 770 3538 honor
791 3489 818 3537 et
843 3481 963 3539 victoria

570 3567 641 3625 Cum
664 3566 768 3638 spirita
790 3565 941 3638 paraclito.

233 3685 306 3734 Brav.
326 3699 373 3732 ms.
391 3683 547 3732 Toletannnr
567 3698 634 3731 saec.
655 3679 694 3732 14.
714 3682 776 3732 Cod.
795 3684 928 3733 Matriten.
948 3685 985 3733 Fi.
1007 3682 1062 3735 147.
1081 3713 1113 3720 -
1132 3680 1156 3745 3,
1177 3682 1193 3733 3
1212 3684 1339 3733 ltementi.

162 3780 195 3789 -
213 3749 238 3812 3,
257 3750 273 3801 4
292 3750 431 3817 pontificis.
450 3777 484 3787 -
502 3749 526 3813 5,
545 3749 562 3800 3
581 3750 759 3803 Leonhardus.
778 3777 811 3786 -
831 3749 854 3811 7,
873 3749 890 3802 3
908 3752 992 3802 bonor
1009 3755 1144 3804 invictato.

541 3917 601 3973 352.
631 3918 670 3974 De
687 3922 783 3975 saneto
803 3918 976 3976 beontrardo.

634 4040 676 4093 Ad
694 4040 865 4095 Nocturnum.

166 4165 190 4223 l.
215 4164 349 4222 Exsultat
372 4165 442 4222 coeii
467 4166 554 4235 curia,
777 4169 804 4225 2.
832 4165 1036 4242 leontianus,-
1050 4182 1104 4237 par
1124 4166 1233 4239 angelis

216 4250 336 4322 Clangat
359 4255 455 4308 coetus
478 4251 666 4325 terrestrium,
833 4251 969 4321 Puritate,
993 4253 1162 4323 constantia,

215 4337 361 4394 adoretur
382 4352 444 4393 cum
467 4336 557 4408 gioria
832 4336 964 4395 Obtinoat
990 4354 1042 4409 pro
1064 4338 1184 4395 servatis

216 4421 404 4480 Conditor
432 4423 527 4481 almc
549 4423 725 4483 siderum.
833 4422 949 4480 Beata
970 4423 1081 4479 nobis
1104 4423 1250 4495 gaudia.
