<?xml version="1.0" encoding="UTF-8"?>
<!DOCTYPE html PUBLIC "-//W3C//DTD XHTML 1.0 Transitional//EN"
    "http://www.w3.org/TR/xhtml1/DTD/xhtml1-transitional.dtd">
<html xmlns="http://www.w3.org/1999/xhtml" xml:lang="en" lang="en">
 <head>
  <title>
</title>
<meta http-equiv="Content-Type" content="text/html;charset=utf-8" />
  <meta name='ocr-system' content='tesseract 3.04.00' />
  <meta name='ocr-capabilities' content='ocr_page ocr_carea ocr_par ocr_line ocrx_word'/>
</head>
<body>
  <div class='ocr_page' id='page_1' title='image "./hymnodiahiberic00drevgoog_0067.png"; bbox 0 0 2918 4868; ppageno 0'>
   <div class='ocr_carea' id='block_1_1' title="bbox 603 272 810 337">
    <p class='ocr_par' dir='ltr' id='par_1_1' title="bbox 603 272 810 337">
     <span class='ocr_line' id='line_1_1' title="bbox 603 272 810 337; baseline -0.005 -17"><span class='ocrx_word' id='word_1_1' title='bbox 603 272 810 337; x_wconf 74' lang='lat'>-60-</span> 
     </span>
    </p>
   </div>
   <div class='ocr_carea' id='block_1_2' title="bbox 370 444 991 776">
    <p class='ocr_par' dir='ltr' id='par_1_2' title="bbox 370 444 991 776">
     <span class='ocr_line' id='line_1_2' title="bbox 370 444 878 519; baseline -0.008 -12"><span class='ocrx_word' id='word_1_2' title='bbox 370 450 398 508; x_wconf 85' lang='lat'><strong>2.</strong></span> <span class='ocrx_word' id='word_1_3' title='bbox 424 444 559 506; x_wconf 82' lang='lat' dir='ltr'>Perfusus</span> <span class='ocrx_word' id='word_1_4' title='bbox 582 462 664 505; x_wconf 89' lang='lat' dir='ltr'><strong>roseo</strong></span> <span class='ocrx_word' id='word_1_5' title='bbox 687 448 767 519; x_wconf 78' lang='lat' dir='ltr'><strong>cuius</strong></span> <span class='ocrx_word' id='word_1_6' title='bbox 789 446 878 505; x_wconf 91' lang='lat' dir='ltr'><strong>odore</strong></span> 
     </span>
     <span class='ocr_line' id='line_1_3' title="bbox 417 532 991 593; baseline -0.009 0"><span class='ocrx_word' id='word_1_7' title='bbox 417 532 571 593; x_wconf 88' lang='lat' dir='ltr'><strong>Obstrusus</strong></span> <span class='ocrx_word' id='word_1_8' title='bbox 595 532 701 590; x_wconf 87' lang='lat' dir='ltr'><strong>sterilis</strong></span> <span class='ocrx_word' id='word_1_9' title='bbox 724 538 823 590; x_wconf 89' lang='lat' dir='ltr'><strong>ventre</strong></span> <span class='ocrx_word' id='word_1_10' title='bbox 844 532 991 593; x_wconf 81' lang='lat' dir='ltr'><strong>lohannes</strong></span> 
     </span>
     <span class='ocr_line' id='line_1_4' title="bbox 416 618 913 692; baseline -0.006 -16"><span class='ocrx_word' id='word_1_11' title='bbox 416 618 558 676; x_wconf 84' lang='lat' dir='ltr'><strong>Exultaus</strong></span> <span class='ocrx_word' id='word_1_12' title='bbox 579 623 693 678; x_wconf 88' lang='lat' dir='ltr'><strong>teneros</strong></span> <span class='ocrx_word' id='word_1_13' title='bbox 715 618 812 692; x_wconf 81' lang='lat' dir='ltr'><strong>gestiit</strong></span> <span class='ocrx_word' id='word_1_14' title='bbox 833 623 913 675; x_wconf 90' lang='lat' dir='ltr'><strong>artus</strong></span> 
     </span>
     <span class='ocr_line' id='line_1_5' title="bbox 418 702 939 776; baseline -0.004 -14"><span class='ocrx_word' id='word_1_15' title='bbox 418 705 539 763; x_wconf 87' lang='lat' dir='ltr'><strong>Florens</strong></span> <span class='ocrx_word' id='word_1_16' title='bbox 559 704 589 760; x_wconf 94' lang='lat' dir='ltr'><strong>in</strong></span> <span class='ocrx_word' id='word_1_17' title='bbox 612 704 717 761; x_wconf 85' lang='lat' dir='ltr'><strong>veteris</strong></span> <span class='ocrx_word' id='word_1_18' title='bbox 739 703 838 775; x_wconf 84' lang='lat' dir='ltr'><strong>stipite</strong></span> <span class='ocrx_word' id='word_1_19' title='bbox 858 702 939 776; x_wconf 84' lang='lat' dir='ltr'><strong>legis.</strong></span> 
     </span>
    </p>
   </div>
   <div class='ocr_carea' id='block_1_3' title="bbox 369 821 1026 1151">
    <p class='ocr_par' dir='ltr' id='par_1_3' title="bbox 369 821 1026 1151">
     <span class='ocr_line' id='line_1_6' title="bbox 369 821 935 894; baseline -0.005 -12"><span class='ocrx_word' id='word_1_20' title='bbox 369 824 398 884; x_wconf 85' lang='lat'><strong>8.</strong></span> <span class='ocrx_word' id='word_1_21' title='bbox 420 821 464 879; x_wconf 85' lang='lat' dir='ltr'><strong>Tu</strong></span> <span class='ocrx_word' id='word_1_22' title='bbox 487 838 550 879; x_wconf 92' lang='lat' dir='ltr'><strong>cum</strong></span> <span class='ocrx_word' id='word_1_23' title='bbox 573 822 702 894; x_wconf 86' lang='lat' dir='ltr'><strong>virgineo</strong></span> <span class='ocrx_word' id='word_1_24' title='bbox 725 822 809 880; x_wconf 85' lang='lat' dir='ltr'><strong>enixa</strong></span> <span class='ocrx_word' id='word_1_25' title='bbox 831 821 935 879; x_wconf 93' lang='lat' dir='ltr'><strong>decore</strong></span> 
     </span>
     <span class='ocr_line' id='line_1_7' title="bbox 419 907 957 980; baseline -0.002 -15"><span class='ocrx_word' id='word_1_26' title='bbox 419 907 551 965; x_wconf 87' lang='lat' dir='ltr'><strong>Praestas</strong></span> <span class='ocrx_word' id='word_1_27' title='bbox 574 908 719 965; x_wconf 90' lang='lat' dir='ltr'><strong>aureolam</strong></span> <span class='ocrx_word' id='word_1_28' title='bbox 741 907 866 980; x_wconf 84' lang='lat' dir='ltr'><strong>pectoris</strong></span> <span class='ocrx_word' id='word_1_29' title='bbox 888 907 957 965; x_wconf 90' lang='lat' dir='ltr'><strong>almi</strong></span> 
     </span>
     <span class='ocr_line' id='line_1_8' title="bbox 417 992 964 1069; baseline 0.004 -20"><span class='ocrx_word' id='word_1_30' title='bbox 417 992 535 1050; x_wconf 83' lang='lat' dir='ltr'><strong>Lactem</strong></span> <span class='ocrx_word' id='word_1_31' title='bbox 557 993 716 1066; x_wconf 88' lang='lat' dir='ltr'><strong>suscipiens</strong></span> <span class='ocrx_word' id='word_1_32' title='bbox 738 993 852 1050; x_wconf 91' lang='lat' dir='ltr'><strong>numine</strong></span> <span class='ocrx_word' id='word_1_33' title='bbox 873 1008 964 1069; x_wconf 92' lang='lat' dir='ltr'><strong>sacro,</strong></span> 
     </span>
     <span class='ocr_line' id='line_1_9' title="bbox 420 1078 1026 1151; baseline 0.003 -16"><span class='ocrx_word' id='word_1_34' title='bbox 420 1078 463 1136; x_wconf 82' lang='lat' dir='ltr'><strong>Eu</strong></span> <span class='ocrx_word' id='word_1_35' title='bbox 485 1084 515 1135; x_wconf 87' lang='lat' dir='ltr'><strong>te</strong></span> <span class='ocrx_word' id='word_1_36' title='bbox 536 1078 602 1137; x_wconf 92' lang='lat' dir='ltr'><strong>dum</strong></span> <span class='ocrx_word' id='word_1_37' title='bbox 625 1078 703 1136; x_wconf 90' lang='lat' dir='ltr'><strong>Deus</strong></span> <span class='ocrx_word' id='word_1_38' title='bbox 725 1085 768 1136; x_wconf 89' lang='lat' dir='ltr'><strong>est</strong></span> <span class='ocrx_word' id='word_1_39' title='bbox 791 1094 911 1151; x_wconf 88' lang='lat' dir='ltr'><strong>corpore</strong></span> <span class='ocrx_word' id='word_1_40' title='bbox 933 1083 1026 1138; x_wconf 90' lang='lat' dir='ltr'><strong>uatus.</strong></span> 
     </span>
    </p>
   </div>
   <div class='ocr_carea' id='block_1_4' title="bbox 370 1197 1046 1528">
    <p class='ocr_par' dir='ltr' id='par_1_4' title="bbox 370 1197 1046 1528">
     <span class='ocr_line' id='line_1_10' title="bbox 370 1197 1046 1271; baseline -0.004 -14"><span class='ocrx_word' id='word_1_41' title='bbox 370 1200 399 1257; x_wconf 83' lang='lat'><strong>4.</strong></span> <span class='ocrx_word' id='word_1_42' title='bbox 423 1198 512 1270; x_wconf 83' lang='lat' dir='ltr'>Quem</span> <span class='ocrx_word' id='word_1_43' title='bbox 535 1213 632 1271; x_wconf 91' lang='lat' dir='ltr'><strong>regum</strong></span> <span class='ocrx_word' id='word_1_44' title='bbox 655 1213 794 1256; x_wconf 86' lang='lat' dir='ltr'><strong>venerans</strong></span> <span class='ocrx_word' id='word_1_45' title='bbox 817 1205 912 1256; x_wconf 88' lang='lat' dir='ltr'><strong>coetus</strong></span> <span class='ocrx_word' id='word_1_46' title='bbox 934 1197 1046 1270; x_wconf 88' lang='lat' dir='ltr'><strong>adorat,</strong></span> 
     </span>
     <span class='ocr_line' id='line_1_11' title="bbox 419 1281 950 1356; baseline 0 -15"><span class='ocrx_word' id='word_1_47' title='bbox 419 1285 488 1356; x_wconf 91' lang='lat' dir='ltr'><strong>Ipso</strong></span> <span class='ocrx_word' id='word_1_48' title='bbox 511 1283 546 1342; x_wconf 91' lang='lat' dir='ltr'><strong>de</strong></span> <span class='ocrx_word' id='word_1_49' title='bbox 568 1284 679 1356; x_wconf 90' lang='lat' dir='ltr'><strong>superis</strong></span> <span class='ocrx_word' id='word_1_50' title='bbox 700 1281 772 1342; x_wconf 89' lang='lat' dir='ltr'><strong>flore</strong></span> <span class='ocrx_word' id='word_1_51' title='bbox 794 1281 950 1356; x_wconf 78' lang='lat' dir='ltr'><strong>fragrante,</strong></span> 
     </span>
     <span class='ocr_line' id='line_1_12' title="bbox 421 1368 1014 1441; baseline -0.002 -14"><span class='ocrx_word' id='word_1_52' title='bbox 421 1368 479 1427; x_wconf 87' lang='lat' dir='ltr'><strong>Sed</strong></span> <span class='ocrx_word' id='word_1_53' title='bbox 501 1369 623 1441; x_wconf 85' lang='lat' dir='ltr'>supplex</span> <span class='ocrx_word' id='word_1_54' title='bbox 644 1369 745 1427; x_wconf 87' lang='lat' dir='ltr'><strong>humili</strong></span> <span class='ocrx_word' id='word_1_55' title='bbox 767 1385 884 1426; x_wconf 92' lang='lat' dir='ltr'><strong>munere</strong></span> <span class='ocrx_word' id='word_1_56' title='bbox 906 1368 1014 1441; x_wconf 90' lang='lat' dir='ltr'><strong>templo</strong></span> 
     </span>
     <span class='ocr_line' id='line_1_13' title="bbox 421 1453 1008 1528; baseline 0.003 -14"><span class='ocrx_word' id='word_1_57' title='bbox 421 1453 522 1528; x_wconf 83' lang='lat' dir='ltr'><strong>Oileus,</strong></span> <span class='ocrx_word' id='word_1_58' title='bbox 546 1454 612 1512; x_wconf 86' lang='lat' dir='ltr'><strong>hino</strong></span> <span class='ocrx_word' id='word_1_59' title='bbox 634 1455 748 1515; x_wconf 89' lang='lat' dir='ltr'><strong>Simeon</strong></span> <span class='ocrx_word' id='word_1_60' title='bbox 771 1455 859 1512; x_wconf 91' lang='lat' dir='ltr'><strong>sentit</strong></span> <span class='ocrx_word' id='word_1_61' title='bbox 880 1455 1008 1516; x_wconf 90' lang='lat' dir='ltr'><strong>odorem.</strong></span> 
     </span>
    </p>
   </div>
   <div class='ocr_carea' id='block_1_5' title="bbox 374 1570 1046 1902">
    <p class='ocr_par' dir='ltr' id='par_1_5' title="bbox 374 1570 1046 1902">
     <span class='ocr_line' id='line_1_14' title="bbox 374 1570 1011 1633; baseline -0.005 0"><span class='ocrx_word' id='word_1_62' title='bbox 374 1579 402 1633; x_wconf 80' lang='lat'><strong>5.</strong></span> <span class='ocrx_word' id='word_1_63' title='bbox 427 1572 554 1632; x_wconf 78' lang='lat' dir='ltr'>Tandem</span> <span class='ocrx_word' id='word_1_64' title='bbox 577 1573 748 1631; x_wconf 90' lang='lat' dir='ltr'><strong>aromaticus</strong></span> <span class='ocrx_word' id='word_1_65' title='bbox 773 1570 825 1630; x_wconf 89' lang='lat' dir='ltr'><strong>flos</strong></span> <span class='ocrx_word' id='word_1_66' title='bbox 848 1573 1011 1631; x_wconf 89' lang='lat' dir='ltr'><strong>duodenis’</strong></span> 
     </span>
     <span class='ocr_line' id='line_1_15' title="bbox 422 1659 1046 1732; baseline -0.002 -16"><span class='ocrx_word' id='word_1_67' title='bbox 422 1660 454 1716; x_wconf 91' lang='lat' dir='ltr'><strong>ln</strong></span> <span class='ocrx_word' id='word_1_68' title='bbox 477 1659 585 1731; x_wconf 90' lang='lat' dir='ltr'><strong>templo</strong></span> <span class='ocrx_word' id='word_1_69' title='bbox 608 1659 749 1716; x_wconf 89' lang='lat' dir='ltr'><strong>celebrem</strong></span> <span class='ocrx_word' id='word_1_70' title='bbox 771 1675 907 1732; x_wconf 88' lang='lat' dir='ltr'><strong>spargere</strong></span> <span class='ocrx_word' id='word_1_71' title='bbox 929 1659 1046 1717; x_wconf 91' lang='lat' dir='ltr'><strong>odorem</strong></span> 
     </span>
     <span class='ocr_line' id='line_1_16' title="bbox 422 1744 1043 1816; baseline 0 -15"><span class='ocrx_word' id='word_1_72' title='bbox 422 1744 577 1801; x_wconf 84' lang='lat' dir='ltr'><strong>Doctorum</strong></span> <span class='ocrx_word' id='word_1_73' title='bbox 601 1744 710 1803; x_wconf 90' lang='lat' dir='ltr'><strong>medius</strong></span> <span class='ocrx_word' id='word_1_74' title='bbox 732 1745 783 1802; x_wconf 91' lang='lat' dir='ltr'><strong>sed</strong></span> <span class='ocrx_word' id='word_1_75' title='bbox 808 1745 907 1816; x_wconf 90' lang='lat' dir='ltr'><strong>procul</strong></span> <span class='ocrx_word' id='word_1_76' title='bbox 930 1744 982 1803; x_wconf 90' lang='lat' dir='ltr'><strong>abs</strong></span> <span class='ocrx_word' id='word_1_77' title='bbox 1004 1751 1043 1816; x_wconf 91' lang='lat' dir='ltr'><strong>te,</strong></span> 
     </span>
     <span class='ocr_line' id='line_1_17' title="bbox 422 1829 1036 1902; baseline 0.007 -15"><span class='ocrx_word' id='word_1_78' title='bbox 422 1829 509 1901; x_wconf 87' lang='lat' dir='ltr'><strong>Cujus</strong></span> <span class='ocrx_word' id='word_1_79' title='bbox 531 1837 600 1891; x_wconf 90' lang='lat' dir='ltr'><strong>tuuc</strong></span> <span class='ocrx_word' id='word_1_80' title='bbox 620 1835 772 1901; x_wconf 90' lang='lat' dir='ltr'><strong>penetrant</strong></span> <span class='ocrx_word' id='word_1_81' title='bbox 794 1830 906 1888; x_wconf 88' lang='lat' dir='ltr'><strong>viscera</strong></span> <span class='ocrx_word' id='word_1_82' title='bbox 926 1831 1036 1902; x_wconf 88' lang='lat' dir='ltr'><strong>spinae.</strong></span> 
     </span>
    </p>
   </div>
   <div class='ocr_carea' id='block_1_6' title="bbox 375 1949 1017 2280">
    <p class='ocr_par' dir='ltr' id='par_1_6' title="bbox 375 1949 1017 2280">
     <span class='ocr_line' id='line_1_18' title="bbox 375 1949 1017 2023; baseline -0.003 -13"><span class='ocrx_word' id='word_1_83' title='bbox 375 1953 405 2012; x_wconf 88' lang='lat'><strong>6.</strong></span> <span class='ocrx_word' id='word_1_84' title='bbox 426 1951 490 2007; x_wconf 86' lang='lat' dir='ltr'><strong>Lun</strong></span> <span class='ocrx_word' id='word_1_85' title='bbox 512 1949 584 2008; x_wconf 90' lang='lat' dir='ltr'><strong>lucis</strong></span> <span class='ocrx_word' id='word_1_86' title='bbox 606 1949 701 2008; x_wconf 89' lang='lat' dir='ltr'><strong>oriens</strong></span> <span class='ocrx_word' id='word_1_87' title='bbox 722 1950 860 2023; x_wconf 85' lang='lat' dir='ltr'><strong>splendor</strong></span> <span class='ocrx_word' id='word_1_88' title='bbox 882 1966 1017 2009; x_wconf 82' lang='lat' dir='ltr'><strong>amoenae</strong></span> 
     </span>
     <span class='ocr_line' id='line_1_19' title="bbox 425 2035 1008 2109; baseline -0.002 -15"><span class='ocrx_word' id='word_1_89' title='bbox 425 2036 462 2094; x_wconf 85' lang='lat' dir='ltr'><strong>Et</strong></span> <span class='ocrx_word' id='word_1_90' title='bbox 485 2035 527 2093; x_wconf 87' lang='lat' dir='ltr'><strong>sol</strong></span> <span class='ocrx_word' id='word_1_91' title='bbox 547 2035 687 2109; x_wconf 74' lang='lat' dir='ltr'><strong>iustitiae,</strong></span> <span class='ocrx_word' id='word_1_92' title='bbox 710 2035 762 2093; x_wconf 91' lang='lat' dir='ltr'><strong>flos</strong></span> <span class='ocrx_word' id='word_1_93' title='bbox 785 2036 884 2094; x_wconf 88' lang='lat' dir='ltr'><strong>matris</strong></span> <span class='ocrx_word' id='word_1_94' title='bbox 906 2037 1008 2108; x_wconf 87' lang='lat' dir='ltr'><strong>almae,</strong></span> 
     </span>
     <span class='ocr_line' id='line_1_20' title="bbox 424 2121 918 2196; baseline 0 -17"><span class='ocrx_word' id='word_1_95' title='bbox 424 2121 515 2180; x_wconf 87' lang='lat' dir='ltr'><strong>Sertis</strong></span> <span class='ocrx_word' id='word_1_96' title='bbox 535 2136 587 2178; x_wconf 88' lang='lat' dir='ltr'><strong>nos</strong></span> <span class='ocrx_word' id='word_1_97' title='bbox 609 2121 698 2178; x_wconf 88' lang='lat' dir='ltr'><strong>roseis</strong></span> <span class='ocrx_word' id='word_1_98' title='bbox 719 2121 782 2193; x_wconf 91' lang='lat' dir='ltr'><strong>ipse</strong></span> <span class='ocrx_word' id='word_1_99' title='bbox 804 2137 918 2196; x_wconf 91' lang='lat' dir='ltr'><strong>corona,</strong></span> 
     </span>
     <span class='ocr_line' id='line_1_21' title="bbox 423 2207 974 2280; baseline 0.002 -14"><span class='ocrx_word' id='word_1_100' title='bbox 423 2207 518 2266; x_wconf 85' lang='lat' dir='ltr'><strong>Judex</strong></span> <span class='ocrx_word' id='word_1_101' title='bbox 542 2222 603 2264; x_wconf 85' lang='lat' dir='ltr'><strong>curn</strong></span> <span class='ocrx_word' id='word_1_102' title='bbox 627 2207 748 2276; x_wconf 87' lang='lat' dir='ltr'><strong>veneris,</strong></span> <span class='ocrx_word' id='word_1_103' title='bbox 771 2207 862 2280; x_wconf 86' lang='lat' dir='ltr'><strong>gloria</strong></span> <span class='ocrx_word' id='word_1_104' title='bbox 883 2207 974 2280; x_wconf 80' lang='lat' dir='ltr'><strong>regni.</strong></span> 
     </span>
    </p>
   </div>
   <div class='ocr_carea' id='block_1_7' title="bbox 136 2321 1314 2527">
    <p class='ocr_par' dir='ltr' id='par_1_7' title="bbox 136 2321 1314 2527">
     <span class='ocr_line' id='line_1_22' title="bbox 205 2321 1313 2378; baseline -0.003 0"><span class='ocrx_word' id='word_1_105' title='bbox 205 2326 278 2378; x_wconf 83' lang='lat' dir='ltr'><strong>offic.</strong></span> <span class='ocrx_word' id='word_1_106' title='bbox 298 2343 345 2375; x_wconf 89' lang='lat' dir='ltr'><strong>ms.</strong></span> <span class='ocrx_word' id='word_1_107' title='bbox 366 2340 433 2375; x_wconf 84' lang='lat' dir='ltr'><strong>saec.</strong></span> <span class='ocrx_word' id='word_1_108' title='bbox 454 2322 490 2374; x_wconf 83' lang='lat'><strong>16.</strong></span> <span class='ocrx_word' id='word_1_109' title='bbox 512 2323 575 2373; x_wconf 68' lang='lat' dir='ltr'><strong>(md.</strong></span> <span class='ocrx_word' id='word_1_110' title='bbox 594 2323 691 2374; x_wconf 85' lang='lat' dir='ltr'><strong>Seruiu.</strong></span> <span class='ocrx_word' id='word_1_111' title='bbox 709 2324 857 2375; x_wconf 83' lang='lat' dir='ltr'><strong>Gerundcu.</strong></span> <span class='ocrx_word' id='word_1_112' title='bbox 876 2321 952 2375; x_wconf 82' lang='lat'><strong>2309.</strong></span> <span class='ocrx_word' id='word_1_113' title='bbox 965 2325 997 2374; x_wconf 79' lang='lat' dir='ltr'><strong>A.</strong></span> <span class='ocrx_word' id='word_1_114' title='bbox 1016 2353 1050 2361; x_wconf 93' lang='lat'><em>-</em></span> <span class='ocrx_word' id='word_1_115' title='bbox 1064 2327 1139 2376; x_wconf 85' lang='lat' dir='ltr'><strong>Brev.</strong></span> <span class='ocrx_word' id='word_1_116' title='bbox 1152 2327 1313 2376; x_wconf 84' lang='lat' dir='ltr'><strong>Dertuaeuae</strong></span> 
     </span>
     <span class='ocr_line' id='line_1_23' title="bbox 137 2389 1314 2462; baseline -0.001 -16"><span class='ocrx_word' id='word_1_117' title='bbox 137 2400 199 2462; x_wconf 91' lang='lat' dir='ltr'><strong>imp.</strong></span> <span class='ocrx_word' id='word_1_118' title='bbox 220 2396 342 2460; x_wconf 76' lang='lat' dir='ltr'><strong>Lugduni</strong></span> <span class='ocrx_word' id='word_1_119' title='bbox 364 2391 437 2443; x_wconf 76' lang='lat'>1547.</span> <span class='ocrx_word' id='word_1_120' title='bbox 457 2394 485 2441; x_wconf 87' lang='lat' dir='ltr'><strong>B.</strong></span> <span class='ocrx_word' id='word_1_121' title='bbox 504 2421 537 2429; x_wconf 92' lang='lat'>-</span> <span class='ocrx_word' id='word_1_122' title='bbox 558 2390 586 2455; x_wconf 88' lang='lat' dir='ltr'><strong>l,</strong></span> <span class='ocrx_word' id='word_1_123' title='bbox 607 2390 619 2440; x_wconf 96' lang='lat' dir='ltr'><strong>l</strong></span> <span class='ocrx_word' id='word_1_124' title='bbox 639 2392 748 2442; x_wconf 89' lang='lat' dir='ltr'><strong>mirifico</strong></span> <span class='ocrx_word' id='word_1_125' title='bbox 766 2393 829 2443; x_wconf 85' lang='lat' dir='ltr'><strong>dore</strong></span> <span class='ocrx_word' id='word_1_126' title='bbox 848 2394 878 2443; x_wconf 77' lang='grc' dir='ltr'><strong>Α.</strong></span> <span class='ocrx_word' id='word_1_127' title='bbox 896 2421 927 2429; x_wconf 87' lang='grc'><strong>-</strong></span> <span class='ocrx_word' id='word_1_128' title='bbox 950 2389 972 2456; x_wconf 83' lang='lat' dir='ltr'><strong>l,</strong></span> <span class='ocrx_word' id='word_1_129' title='bbox 990 2389 1007 2443; x_wconf 79' lang='grc'>2</span> <span class='ocrx_word' id='word_1_130' title='bbox 1024 2395 1118 2445; x_wconf 84' lang='lat' dir='ltr'><strong>Jeasea</strong></span> <span class='ocrx_word' id='word_1_131' title='bbox 1135 2396 1211 2459; x_wconf 78' lang='lat' dir='ltr'><strong>uirgo</strong></span> <span class='ocrx_word' id='word_1_132' title='bbox 1231 2397 1260 2445; x_wconf 89' lang='lat' dir='ltr'><strong>B.</strong></span> <span class='ocrx_word' id='word_1_133' title='bbox 1281 2423 1314 2431; x_wconf 93' lang='lat'>-</span> 
     </span>
     <span class='ocr_line' id='line_1_24' title="bbox 136 2459 932 2527; baseline -0.008 -11"><span class='ocrx_word' id='word_1_134' title='bbox 136 2464 160 2527; x_wconf 86' lang='lat'><strong>3,</strong></span> <span class='ocrx_word' id='word_1_135' title='bbox 182 2464 194 2514; x_wconf 94' lang='lat' dir='ltr'><strong>l</strong></span> <span class='ocrx_word' id='word_1_136' title='bbox 214 2464 257 2514; x_wconf 85' lang='lat' dir='ltr'><strong>Sic</strong></span> <span class='ocrx_word' id='word_1_137' title='bbox 275 2480 333 2513; x_wconf 90' lang='lat' dir='ltr'><strong>cum</strong></span> <span class='ocrx_word' id='word_1_138' title='bbox 351 2464 471 2525; x_wconf 84' lang='lat' dir='ltr'><strong>virgineo</strong></span> <span class='ocrx_word' id='word_1_139' title='bbox 489 2461 520 2509; x_wconf 88' lang='grc' dir='ltr'><strong>Α.</strong></span> <span class='ocrx_word' id='word_1_140' title='bbox 540 2491 572 2497; x_wconf 99' lang='grc'>-</span> <span class='ocrx_word' id='word_1_141' title='bbox 590 2459 641 2510; x_wconf 81' lang='lat' dir='ltr'><strong>Str.</strong></span> <span class='ocrx_word' id='word_1_142' title='bbox 661 2459 678 2510; x_wconf 83' lang='lat'>4</span> <span class='ocrx_word' id='word_1_143' title='bbox 696 2460 749 2511; x_wconf 91' lang='lat' dir='ltr'><strong>und</strong></span> <span class='ocrx_word' id='word_1_144' title='bbox 766 2459 782 2511; x_wconf 84' lang='lat'>5</span> <span class='ocrx_word' id='word_1_145' title='bbox 801 2461 887 2511; x_wconf 87' lang='lat' dir='ltr'><strong>fehlen</strong></span> <span class='ocrx_word' id='word_1_146' title='bbox 902 2463 932 2512; x_wconf 77' lang='grc' dir='ltr'><strong>Α.</strong></span> 
     </span>
    </p>
   </div>
   <div class='ocr_carea' id='block_1_8' title="bbox 511 2692 935 2889">
    <p class='ocr_par' dir='ltr' id='par_1_8' title="bbox 511 2692 935 2889">
     <span class='ocr_line' id='line_1_25' title="bbox 511 2692 935 2753; baseline 0.009 -4"><span class='ocrx_word' id='word_1_147' title='bbox 511 2692 546 2750; x_wconf 84' lang='lat' dir='ltr'><strong>rl.</strong></span> <span class='ocrx_word' id='word_1_148' title='bbox 581 2693 612 2750; x_wconf 94' lang='lat' dir='ltr'><strong>lu</strong></span> <span class='ocrx_word' id='word_1_149' title='bbox 631 2694 711 2751; x_wconf 75' lang='lat' dir='ltr'><strong>Festo</strong></span> <span class='ocrx_word' id='word_1_150' title='bbox 728 2694 840 2753; x_wconf 83' lang='lat' dir='ltr'><strong>Rosarii</strong></span> <span class='ocrx_word' id='word_1_151' title='bbox 856 2696 935 2753; x_wconf 86' lang='lat' dir='ltr'><strong>Bllll.</strong></span> 
     </span>
     <span class='ocr_line' id='line_1_26' title="bbox 609 2833 841 2889; baseline 0.004 -3"><span class='ocrx_word' id='word_1_152' title='bbox 609 2833 653 2887; x_wconf 81' lang='lat' dir='ltr'><strong>Ad</strong></span> <span class='ocrx_word' id='word_1_153' title='bbox 670 2833 841 2889; x_wconf 84' lang='lat' dir='ltr'><strong>Nocturnum.</strong></span> 
     </span>
    </p>
   </div>
   <div class='ocr_carea' id='block_1_9' title="bbox 392 2977 1075 3308">
    <p class='ocr_par' dir='ltr' id='par_1_9' title="bbox 392 2977 1075 3308">
     <span class='ocr_line' id='line_1_27' title="bbox 392 2977 1037 3051; baseline -0.002 -15"><span class='ocrx_word' id='word_1_154' title='bbox 392 2978 418 3036; x_wconf 88' lang='lat'><strong>1.</strong></span> <span class='ocrx_word' id='word_1_155' title='bbox 443 2977 573 3035; x_wconf 86' lang='lat' dir='ltr'><strong>Dilectus</strong></span> <span class='ocrx_word' id='word_1_156' title='bbox 595 2978 711 3035; x_wconf 90' lang='lat' dir='ltr'><strong>veniens</strong></span> <span class='ocrx_word' id='word_1_157' title='bbox 733 2978 833 3035; x_wconf 86' lang='lat' dir='ltr'><strong>matris</strong></span> <span class='ocrx_word' id='word_1_158' title='bbox 855 2978 892 3036; x_wconf 92' lang='lat' dir='ltr'><strong>ad</strong></span> <span class='ocrx_word' id='word_1_159' title='bbox 916 2978 1037 3051; x_wconf 88' lang='lat' dir='ltr'><strong>hortum,</strong></span> 
     </span>
     <span class='ocr_line' id='line_1_28' title="bbox 442 3063 1075 3136; baseline -0.002 -14"><span class='ocrx_word' id='word_1_160' title='bbox 442 3063 482 3122; x_wconf 91' lang='lat' dir='ltr'><strong>Ut</strong></span> <span class='ocrx_word' id='word_1_161' title='bbox 504 3063 648 3136; x_wconf 83' lang='lat' dir='ltr'><strong>myrrham</strong></span> <span class='ocrx_word' id='word_1_162' title='bbox 672 3069 792 3122; x_wconf 89' lang='lat' dir='ltr'><strong>meteret</strong></span> <span class='ocrx_word' id='word_1_163' title='bbox 813 3079 952 3136; x_wconf 89' lang='lat' dir='ltr'><strong>pomaque</strong></span> <span class='ocrx_word' id='word_1_164' title='bbox 973 3064 1075 3136; x_wconf 86' lang='lat' dir='ltr'><strong>patris,</strong></span> 
     </span>
     <span class='ocr_line' id='line_1_29' title="bbox 441 3148 996 3222; baseline 0 -16"><span class='ocrx_word' id='word_1_165' title='bbox 441 3148 506 3206; x_wconf 88' lang='lat' dir='ltr'><strong>Jaru</strong></span> <span class='ocrx_word' id='word_1_166' title='bbox 529 3165 661 3222; x_wconf 89' lang='lat' dir='ltr'><strong>sponsam</strong></span> <span class='ocrx_word' id='word_1_167' title='bbox 682 3151 797 3221; x_wconf 88' lang='lat' dir='ltr'><strong>vocitat,</strong></span> <span class='ocrx_word' id='word_1_168' title='bbox 820 3149 996 3221; x_wconf 89' lang='lat' dir='ltr'><strong>participare</strong></span> 
     </span>
     <span class='ocr_line' id='line_1_30' title="bbox 443 3233 1012 3308; baseline 0.009 -16"><span class='ocrx_word' id='word_1_169' title='bbox 443 3233 561 3308; x_wconf 87' lang='lat' dir='ltr'><strong>chtu,</strong></span> <span class='ocrx_word' id='word_1_170' title='bbox 584 3235 632 3307; x_wconf 89' lang='lat' dir='ltr'><strong>qui</strong></span> <span class='ocrx_word' id='word_1_171' title='bbox 655 3236 745 3293; x_wconf 87' lang='lat' dir='ltr'><strong>veteri</strong></span> <span class='ocrx_word' id='word_1_172' title='bbox 766 3235 883 3293; x_wconf 88' lang='lat' dir='ltr'><strong>crimine</strong></span> <span class='ocrx_word' id='word_1_173' title='bbox 905 3234 1012 3307; x_wconf 88' lang='lat' dir='ltr'><strong>prodit.</strong></span> 
     </span>
    </p>
   </div>
   <div class='ocr_carea' id='block_1_10' title="bbox 392 3352 1038 3684">
    <p class='ocr_par' dir='ltr' id='par_1_10' title="bbox 392 3352 1038 3684">
     <span class='ocr_line' id='line_1_31' title="bbox 392 3352 1038 3427; baseline -0.003 -13"><span class='ocrx_word' id='word_1_174' title='bbox 392 3358 420 3414; x_wconf 89' lang='lat'><strong>2.</strong></span> <span class='ocrx_word' id='word_1_175' title='bbox 444 3355 532 3425; x_wconf 82' lang='lat' dir='ltr'><strong>Quom</strong></span> <span class='ocrx_word' id='word_1_176' title='bbox 556 3352 626 3414; x_wconf 85' lang='lat' dir='ltr'><strong>felix</strong></span> <span class='ocrx_word' id='word_1_177' title='bbox 648 3355 769 3414; x_wconf 88' lang='lat' dir='ltr'><strong>hominis</strong></span> <span class='ocrx_word' id='word_1_178' title='bbox 791 3355 875 3427; x_wconf 92' lang='lat' dir='ltr'><strong>culpa</strong></span> <span class='ocrx_word' id='word_1_179' title='bbox 897 3355 1038 3427; x_wconf 89' lang='lat' dir='ltr'><strong>redempti</strong></span> 
     </span>
     <span class='ocr_line' id='line_1_32' title="bbox 445 3439 981 3516; baseline 0 -19"><span class='ocrx_word' id='word_1_180' title='bbox 445 3439 548 3512; x_wconf 88' lang='lat' dir='ltr'><strong>Spousi</strong></span> <span class='ocrx_word' id='word_1_181' title='bbox 570 3441 715 3515; x_wconf 87' lang='lat' dir='ltr'><strong>sauguinis</strong></span> <span class='ocrx_word' id='word_1_182' title='bbox 738 3446 767 3497; x_wconf 90' lang='lat' dir='ltr'><strong>et</strong></span> <span class='ocrx_word' id='word_1_183' title='bbox 787 3441 847 3498; x_wconf 88' lang='lat' dir='ltr'><strong>lota</strong></span> <span class='ocrx_word' id='word_1_184' title='bbox 869 3455 981 3516; x_wconf 90' lang='lat' dir='ltr'><strong>cruore,</strong></span> 
     </span>
     <span class='ocr_line' id='line_1_33' title="bbox 444 3523 1009 3599; baseline 0 -17"><span class='ocrx_word' id='word_1_185' title='bbox 444 3525 541 3598; x_wconf 84' lang='lat' dir='ltr'><strong>&#39;lingit</strong></span> <span class='ocrx_word' id='word_1_186' title='bbox 563 3543 668 3598; x_wconf 89' lang='lat' dir='ltr'><strong>sponsa</strong></span> <span class='ocrx_word' id='word_1_187' title='bbox 691 3543 777 3599; x_wconf 90' lang='lat' dir='ltr'><strong>genas</strong></span> <span class='ocrx_word' id='word_1_188' title='bbox 801 3523 879 3584; x_wconf 85' lang='lat' dir='ltr'><strong>fonte</strong></span> <span class='ocrx_word' id='word_1_189' title='bbox 901 3525 1009 3597; x_wconf 85' lang='lat' dir='ltr'><strong>livoris,</strong></span> 
     </span>
     <span class='ocr_line' id='line_1_34' title="bbox 446 3610 971 3684; baseline 0.008 -17"><span class='ocrx_word' id='word_1_190' title='bbox 446 3611 605 3682; x_wconf 87' lang='lat' dir='ltr'><strong>Disciplina</strong></span> <span class='ocrx_word' id='word_1_191' title='bbox 626 3610 722 3684; x_wconf 89' lang='lat' dir='ltr'><strong>flagris</strong></span> <span class='ocrx_word' id='word_1_192' title='bbox 743 3612 832 3669; x_wconf 86' lang='lat' dir='ltr'><strong>saeuit</strong></span> <span class='ocrx_word' id='word_1_193' title='bbox 855 3611 971 3683; x_wconf 86' lang='lat' dir='ltr'><strong>iniquis.</strong></span> 
     </span>
    </p>
   </div>
   <div class='ocr_carea' id='block_1_11' title="bbox 394 3728 1048 4061">
    <p class='ocr_par' dir='ltr' id='par_1_11' title="bbox 394 3728 1048 4061">
     <span class='ocr_line' id='line_1_35' title="bbox 394 3728 958 3806; baseline -0.004 -16"><span class='ocrx_word' id='word_1_194' title='bbox 394 3733 422 3790; x_wconf 84' lang='lat'><strong>3.</strong></span> <span class='ocrx_word' id='word_1_195' title='bbox 446 3731 469 3788; x_wconf 94' lang='lat'>0</span> <span class='ocrx_word' id='word_1_196' title='bbox 491 3728 543 3787; x_wconf 90' lang='lat' dir='ltr'><strong>flos</strong></span> <span class='ocrx_word' id='word_1_197' title='bbox 565 3731 687 3804; x_wconf 89' lang='lat' dir='ltr'><strong>angelici</strong></span> <span class='ocrx_word' id='word_1_198' title='bbox 709 3748 813 3804; x_wconf 88' lang='lat' dir='ltr'><strong>sponse</strong></span> <span class='ocrx_word' id='word_1_199' title='bbox 836 3731 958 3806; x_wconf 89' lang='lat' dir='ltr'><strong>decoris,</strong></span> 
     </span>
     <span class='ocr_line' id='line_1_36' title="bbox 447 3816 1041 3891; baseline 0.002 -19"><span class='ocrx_word' id='word_1_200' title='bbox 447 3816 535 3886; x_wconf 84' lang='lat' dir='ltr'><strong>Quem</strong></span> <span class='ocrx_word' id='word_1_201' title='bbox 558 3823 649 3874; x_wconf 89' lang='lat' dir='ltr'><strong>mater</strong></span> <span class='ocrx_word' id='word_1_202' title='bbox 670 3816 806 3891; x_wconf 83' lang='lat' dir='ltr'><strong>vopribus</strong></span> <span class='ocrx_word' id='word_1_203' title='bbox 828 3816 892 3875; x_wconf 94' lang='lat' dir='ltr'><strong>dira</strong></span> <span class='ocrx_word' id='word_1_204' title='bbox 915 3823 1041 3890; x_wconf 89' lang='lat' dir='ltr'><strong>coronat,</strong></span> 
     </span>
     <span class='ocr_line' id='line_1_37' title="bbox 450 3900 1048 3972; baseline 0 -14"><span class='ocrx_word' id='word_1_205' title='bbox 450 3902 511 3972; x_wconf 79' lang='lat' dir='ltr'><strong>Quo</strong></span> <span class='ocrx_word' id='word_1_206' title='bbox 534 3910 565 3960; x_wconf 92' lang='lat' dir='ltr'><strong>tn</strong></span> <span class='ocrx_word' id='word_1_207' title='bbox 586 3918 638 3960; x_wconf 84' lang='lat' dir='ltr'><strong>uos</strong></span> <span class='ocrx_word' id='word_1_208' title='bbox 659 3903 801 3961; x_wconf 89' lang='lat' dir='ltr'><strong>redimens</strong></span> <span class='ocrx_word' id='word_1_209' title='bbox 823 3900 941 3960; x_wconf 87' lang='lat' dir='ltr'><strong>floribus</strong></span> <span class='ocrx_word' id='word_1_210' title='bbox 965 3901 1048 3960; x_wconf 91' lang='lat' dir='ltr'><strong>almis</strong></span> 
     </span>
     <span class='ocr_line' id='line_1_38' title="bbox 448 3986 1016 4061; baseline 0.007 -16"><span class='ocrx_word' id='word_1_211' title='bbox 448 3986 496 4045; x_wconf 87' lang='lat' dir='ltr'><strong>Sic</strong></span> <span class='ocrx_word' id='word_1_212' title='bbox 519 3988 592 4046; x_wconf 84' lang='lat' dir='ltr'><strong>caesi</strong></span> <span class='ocrx_word' id='word_1_213' title='bbox 616 3988 718 4061; x_wconf 90' lang='lat' dir='ltr'><strong>capitis</strong></span> <span class='ocrx_word' id='word_1_214' title='bbox 739 3988 866 4046; x_wconf 87' lang='lat' dir='ltr'><strong>membra</strong></span> <span class='ocrx_word' id='word_1_215' title='bbox 888 4003 1016 4060; x_wconf 87' lang='lat' dir='ltr'><strong>reparas.</strong></span> 
     </span>
    </p>
   </div>
   <div class='ocr_carea' id='block_1_12' title="bbox 395 4106 1040 4442">
    <p class='ocr_par' dir='ltr' id='par_1_12' title="bbox 395 4106 1040 4442">
     <span class='ocr_line' id='line_1_39' title="bbox 395 4106 1014 4182; baseline 0.003 -19"><span class='ocrx_word' id='word_1_216' title='bbox 395 4108 424 4169; x_wconf 86' lang='lat'><strong>4.</strong></span> <span class='ocrx_word' id='word_1_217' title='bbox 449 4106 571 4165; x_wconf 90' lang='lat' dir='ltr'><strong>Nostrae</strong></span> <span class='ocrx_word' id='word_1_218' title='bbox 594 4108 743 4181; x_wconf 91' lang='lat' dir='ltr'><strong>sollicitus,</strong></span> <span class='ocrx_word' id='word_1_219' title='bbox 766 4108 888 4182; x_wconf 86' lang='lat' dir='ltr'><strong>Christe,</strong></span> <span class='ocrx_word' id='word_1_220' title='bbox 912 4107 1014 4165; x_wconf 87' lang='lat' dir='ltr'><strong>salutis</strong></span> 
     </span>
     <span class='ocr_line' id='line_1_40' title="bbox 452 4194 998 4267; baseline -0.004 -15"><span class='ocrx_word' id='word_1_221' title='bbox 452 4194 491 4252; x_wconf 92' lang='lat' dir='ltr'><strong>Ut</strong></span> <span class='ocrx_word' id='word_1_222' title='bbox 513 4194 592 4266; x_wconf 88' lang='lat' dir='ltr'><strong>gigas</strong></span> <span class='ocrx_word' id='word_1_223' title='bbox 614 4210 753 4266; x_wconf 91' lang='lat' dir='ltr'><strong>properas</strong></span> <span class='ocrx_word' id='word_1_224' title='bbox 776 4194 889 4251; x_wconf 89' lang='lat' dir='ltr'><strong>vincere</strong></span> <span class='ocrx_word' id='word_1_225' title='bbox 912 4194 998 4267; x_wconf 87' lang='lat' dir='ltr'><strong>ligno,</strong></span> 
     </span>
     <span class='ocr_line' id='line_1_41' title="bbox 449 4277 976 4356; baseline 0 -20"><span class='ocrx_word' id='word_1_226' title='bbox 449 4279 548 4336; x_wconf 89' lang='lat' dir='ltr'><strong>Victor</strong></span> <span class='ocrx_word' id='word_1_227' title='bbox 569 4280 616 4352; x_wconf 89' lang='lat' dir='ltr'><strong>qui</strong></span> <span class='ocrx_word' id='word_1_228' title='bbox 640 4277 733 4337; x_wconf 83' lang='lat' dir='ltr'><strong>iuerat</strong></span> <span class='ocrx_word' id='word_1_229' title='bbox 754 4279 976 4356; x_wconf 88' lang='lat' dir='ltr'><strong>protoparentis,</strong></span> 
     </span>
     <span class='ocr_line' id='line_1_42' title="bbox 449 4364 1040 4442; baseline 0.002 -22"><span class='ocrx_word' id='word_1_230' title='bbox 449 4365 530 4436; x_wconf 79' lang='lat' dir='ltr'><strong>Quod</strong></span> <span class='ocrx_word' id='word_1_231' title='bbox 553 4381 608 4423; x_wconf 92' lang='lat' dir='ltr'><strong>uon</strong></span> <span class='ocrx_word' id='word_1_232' title='bbox 631 4380 777 4442; x_wconf 89' lang='lat' dir='ltr'><strong>rapueras,</strong></span> <span class='ocrx_word' id='word_1_233' title='bbox 799 4365 897 4437; x_wconf 86' lang='lat' dir='ltr'><strong>stipite</strong></span> <span class='ocrx_word' id='word_1_234' title='bbox 918 4364 1040 4423; x_wconf 87' lang='lat' dir='ltr'><strong>soluens.</strong></span> 
     </span>
    </p>
   </div>
   <div class='ocr_carea' id='block_1_13' title="bbox 0 0 1476 4868">
    <p class='ocr_par' dir='ltr' id='par_1_13' title="bbox 0 0 1476 4868">
     <span class='ocr_line' id='line_1_43' title="bbox 0 0 1476 4868; baseline 0 0"><span class='ocrx_word' id='word_1_235' title='bbox 0 0 1476 4868; x_wconf 95' lang='lat' dir='ltr'><strong> </strong></span> 
     </span>
    </p>
   </div>
  </div>
 </body>
</html>
