2918 4868
630 272 838 340 -27-

267 453 308 511 ln
331 455 359 513 3.
384 451 590 515 Nocturna.

340 569 515 635 Antiphonae.

148 674 173 733 l.
204 675 356 734 Cantemus
381 673 441 731 Deo
464 672 615 740 canticum,

210 759 367 817 laetentur
388 758 460 817 coeli
483 764 512 816 et
534 763 621 826 terra,

207 845 280 917 Quia
301 843 406 904 infanti
428 845 533 902 elarius

208 930 314 988 Notum
336 946 368 988 se
390 928 460 987 iecit
481 929 629 988 Dominus.

147 1035 175 1091 2.
207 1033 270 1091 Lux
293 1039 357 1092 orta
379 1038 424 1090 est
441 1034 519 1104 justo
543 1033 638 1107 corde,

211 1119 380 1192 Laetemini‚
400 1119 496 1190 Justae
518 1124 633 1191 matres,

207 1206 240 1264 ln
262 1203 489 1262 sanctificatione

204 1289 308 1348 Vestra
330 1295 358 1347 et
380 1288 512 1348 filiorum.

147 1395 175 1452 3.
207 1392 335 1454 anilate
357 1394 386 1451 iu
409 1398 563 1465 conspectu

207 1478 293 1556 Regis
316 1477 368 1535 lilii
391 1478 517 1554 virginis

205 1563 326 1622 Cantate
348 1570 377 1621 et
398 1565 549 1638 exsultate,

206 1649 326 1708 Psallite
349 1649 421 1722 Deo,
443 1648 568 1723 psallite.

333 1819 519 1884 Respousoria.

147 1924 172 1982 i.
204 1925 227 1982 0
251 1924 342 1982 dulcis
369 1921 435 1981 lesti
456 1923 603 1995 sanctitas,

207 2011 296 2080 Quam
320 2007 389 2067 iecit
410 2008 507 2082 ampla
529 2009 635 2066 caritas

205 2093 371 2167 Diuusaque
393 2095 519 2154 suavitas

207 2180 286 2237 lnter
307 2196 445 2253 personas
466 2184 597 2252 quatuor,

209 2266 242 2324 ln
265 2265 368 2339 quibus
390 2271 434 2322 est
457 2264 594 2324 vivautas

207 2350 371 2423 Dispariter
393 2349 507 2409 donata

145 2433 179 2494 V.
202 2436 297 2496 Corde
320 2442 465 2495 cantemus
487 2434 600 2494 lervida

202 2522 254 2580 Pia
275 2523 401 2595 ipsarum
424 2522 543 2580 cantica.

144 2627 174 2685 2.
203 2626 300 2684 Jesum
321 2622 458 2683 faetorem
479 2625 603 2681 omnium

205 2711 257 2768 Pia
278 2711 453 2784 restringunt
476 2711 595 2779 viscera,

205 2793 326 2853 Fontem
349 2795 425 2854 vitae
447 2796 641 2854 dulcissimum

204 2883 299 2951 Mater
320 2881 477 2955 apprendit
497 2882 629 2960 amplios,

204 2967 349 3025 lohannes
372 2967 458 3024 sentit
482 2966 614 3036 dulciter,

203 3051 352 3111 Elisabeth
374 3051 530 3126 magnilica.

143 3137 177 3199 V.
200 3137 270 3196 Dies
291 3138 426 3196 solemnis
448 3139 551 3210 agitur,

204 3224 264 3295 Quo
287 3222 368 3283 fusae
390 3230 455 3282 suut
479 3223 608 3285 deliciae.

143 3328 172 3388 3.
204 3326 227 3385 0
250 3325 374 3399 Christe,
399 3325 482 3385 dulce
504 3325 650 3399 pabulum,

202 3413 290 3483 Quam
313 3419 342 3470 te
364 3410 518 3486 gustabant
539 3411 660 3470 invicem

201 3498 344 3556 Personae
366 3503 425 3555 tam
447 3495 593 3568 oririficae,

204 3583 312 3654 Quibus
334 3583 503 3656 praestabas
526 3584 648 3657 peritus.

204 3668 287 3727 Dona
309 3668 405 3727 infusa
427 3669 528 3744 gratia,

203 3755 312 3825 Quibus
333 3755 458 3813 terrenis
480 3755 608 3812 moritur.

144 3839 177 3896 V.
202 3839 306 3899 Grates
328 3846 474 3899 cantemus
497 3839 628 3911 Domino,

199 3925 227 3984 A
250 3943 304 3999 quo
326 3932 487 3999 spectamus
509 3925 602 3986 aride.

905 450 947 508 ln
969 449 1176 516 Laudibus.

952 569 1127 635 antiphonas.

762 674 788 732 1.
821 675 928 733 Parata
950 672 1033 731 sedes
1055 680 1104 732 tua
1127 679 1171 731 est

820 760 854 817 lu
876 764 959 817 utero
982 758 1118 831 virgineo,

820 845 853 902 ln
875 861 931 918 quo
954 845 1089 917 regnasti,
1110 844 1239 906 Domine.

760 950 788 1009 2.
822 946 935 1006 Servite
956 948 986 1005 in
1009 947 1129 1024 laetitia,

820 1032 894 1103 Quia
916 1033 1012 1091 scavis
1034 1033 1182 1110 Dominus,

820 1118 946 1176 Donavit
968 1134 1000 1176 se
1023 1119 1081 1176 vati
1104 1118 1168 1177 Dei.

759 1223 788 1280 3.
818 1220 897 1279 Deos
919 1235 1007 1296 meus,
1030 1221 1108 1279 Deus
1130 1237 1218 1293 meus,

818 1305 866 1365 Ad
889 1312 918 1363 te
940 1307 1058 1364 delusa
1080 1306 1176 1380 vigilo,

815 1423 858 1434 -
881 1423 921 1433 —
943 1423 987 1436 -
1008 1424 1048 1432 -
1072 1393 1211 1455 sitientes.

759 1497 789 1554 4.
819 1494 986 1552 Benedicite
1007 1495 1116 1553 electae

818 1579 858 1638 Et
879 1579 934 1638 Dei
957 1581 1114 1653 condignae
1135 1580 1219 1638 matri

818 1664 858 1722 Et
879 1666 1037 1738 prophetae
1059 1664 1218 1723 Elisabeth.

759 1771 788 1828 5.
818 1769 944 1827 Juveoes
967 1773 996 1825 et
1017 1767 1152 1842 virgines,

821 1853 910 1912 Senes
933 1869 996 1911 cum
1016 1853 1177 1924 junioribus

823 1938 956 1996 Laudent
978 1955 1079 1996 nomen
1102 1939 1226 1997 Domini.

924 2107 965 2158 Ad
983 2107 1149 2158 Benedictus.

757 2215 793 2272 Α.
817 2212 874 2270 Hie
895 2228 968 2285 puer
988 2219 1055 2271 ante
1077 2213 1225 2290 propbeta,

818 2300 908 2372 Quam
931 2298 1039 2369 ejectus
1060 2314 1095 2356 ex
1117 2305 1209 2372 utero,

819 2383 1002 2443 contestatur
1023 2399 1054 2441 se
1076 2384 1183 2443 sentire

817 2471 921 2529 Matris
944 2468 998 2527 Dei
1021 2469 1227 2544 praesentiam3

817 2556 969 2628 Postquam
994 2561 1120 2631 matrem,
1146 2556 1301 2615 celebravit

820 2642 964 2700 incarnati
988 2642 1125 2713 mysteria

818 2725 942 2785 Caelesti
965 2726 1124 2800 privilegio.

882 2932 923 2990 ln
947 2934 976 2992 2.
1002 2932 1196 3006 vesperis.

928 3049 970 3099 Ad
988 3049 1147 3115 Magnifieat.

756 3155 792 3214 A.
815 3154 949 3213 Exsultat
970 3169 1067 3212 semen
1088 3154 1209 3212 electum

814 3239 959 3312 Abrabae,
983 3239 1074 3313 patris
1096 3238 1174 3318 fidei,

818 3325 870 3385 Cui
892 3330 1020 3383 sanetum
1044 3325 1244 3397 repromissum

815 3411 912 3470 Mater
932 3416 1051 3483 portans
1075 3409 1200 3469 visitavit

816 3495 967 3554 Elisabeth
989 3496 1105 3572 pietate,

814 3582 876 3653 Qua
898 3582 982 3654 plene
1004 3581 1082 3640 Deus
1104 3581 1208 3640 colitur

815 3669 849 3727 ln
871 3673 970 3726 sanda
993 3666 1164 3739 visitatione,

814 3754 849 3813 ln
871 3769 928 3826 qua
948 3769 1062 3812 sacrum
1084 3753 1250 3824 mysterium

757 3914 759 3919 ι
815 3839 905 3897 Larte
926 3840 1019 3912 primo
1041 3836 1235 3897 conclamatur

814 3924 916 3983 Electa
936 3923 1107 3986 testimonio.

208 4045 285 4094 Brev.
304 4060 351 4096 ms.
370 4045 537 4093 Franciscan.
557 4059 625 4093 saec.
644 4039 710 4095 ¹³lrs.
730 4042 793 4094 Cod.
812 4045 946 4093 Matriteu.
965 4041 986 4092 C
1003 4040 1037 4093 69
1055 4041 1115 4093 add.
1135 4056 1204 4092 saec.
1225 4038 1265 4091 15.
1285 4067 1319 4077 -

140 4114 171 4162 ln
197 4113 218 4163 1.
237 4111 351 4179 vespt
376 4110 406 4173 3,
430 4109 550 4162 3Mater
574 4113 725 4162 clamantes.
749 4138 784 4148 -
806 4111 846 4161 ad
866 4113 954 4176 Magn.
979 4109 1166 4176 3eruptaudo.
1193 4135 1224 4144 —
1244 4110 1275 4159 ln
1295 4107 1318 4160 1.

140 4183 215 4232 Noet
234 4177 253 4230 Β
281 4180 308 4242 l,
334 4179 347 4231 l
367 4184 390 4232 Ο
408 4182 470 4232 ielix
488 4182 574 4231 Maria
596 4182 690 4231 infans.
709 4207 741 4215 -
761 4175 780 4229 Β
798 4176 829 4240 2,
852 4176 869 4229 2
886 4181 1005 4229 Membra
1023 4179 1140 4245 repellet.
1158 4205 1190 4213 —
1210 4172 1229 4225 Β
1249 4174 1276 4237 2,
1303 4176 1319 4227 7

140 4256 229 4301 saneta
248 4253 351 4316 spiritu.
370 4247 437 4298 -Β
456 4247 480 4310 3,
500 4246 516 4298 2
534 4251 651 4314 spiritus.
670 4274 700 4285 -—
716 4249 748 4300 ln
764 4245 789 4298 2.
802 4248 877 4298 Noet
896 4246 913 4295 Α
934 4248 955 4309 1,
977 4246 1152 4314 lErnptavit.
1175 4273 1202 4281 —
1224 4243 1241 4292 Α
1262 4244 1284 4309 1,
1302 4242 1319 4295 3

140 4320 175 4369 Se
200 4319 346 4384 praedicari
371 4321 479 4369 verlmm
503 4320 616 4368 beatum.
642 4344 672 4352 -
692 4315 709 4364 Α
733 4313 762 4378 3,
788 4314 966 4368 lHairntatis
988 4322 1037 4366 eat.
1055 4342 1086 4350 —-
1107 4312 1128 4365 Α
1151 4312 1185 4374 3,
1208 4312 1225 4365 2
1246 4315 1320 4364 Victa

139 4390 224 4452 virgo.
249 4414 279 4420 ”
299 4383 318 4436 Β
343 4385 373 4449 2,
400 4386 411 4437 l
437 4388 509 4437 deser
532 4387 652 4437 coelitus.
675 4381 747 4435 -Β
771 4383 802 4450 2,
826 4382 928 4434 Bsesta
946 4384 1053 4434 indicta.
1072 4411 1103 4418 -
1124 4378 1143 4431 Β
1162 4380 1191 4442 3,
1213 4380 1320 4433 3cibat
