2918 4868
603 272 836 337 ..238-

378 445 427 506 15.
452 446 509 504 Dat
530 445 664 520 gregibus
687 448 856 506 documenta
874 464 957 508 sacra

451 531 548 603 Atque
570 531 623 590 Dei
646 533 819 592 monimenta
841 533 890 605 pis

448 619 600 691 Aegraque
621 634 743 691 corpora
761 616 902 678 salvificat

452 702 619 777 Functaque
640 709 751 763 somata
772 702 898 763 viviticat

448 790 544 860 Atque
565 805 663 849 amam
686 788 733 862 pie
755 788 898 862 purificat.

302 1030 306 1037 ‚
377 960 426 1021 16.
450 959 564 1019 anitor
585 959 710 1019 aetheris
732 965 760 1018 st
782 960 889 1035 superi,

448 1046 561 1117 Petrus,
583 1046 660 1104 ovile
680 1061 781 1119 regens
804 1045 928 1122 Domini,

450 1130 562 1190 Pellene
584 1131 704 1190 crimina
725 1136 828 1190 cuncta
849 1137 951 1204 potens

448 1215 588 1288 Oelsaquo
608 1215 714 1290 gaudia
735 1216 898 1290 restituens,

449 1301 490 1362 Ut
510 1301 588 1375 velit,
611 1302 706 1360 omnia
726 1316 840 1374 semper
861 1317 957 1376 agens.

379 1472 429 1533 17.
453 1470 537 1532 Retia
557 1470 680 1544 liquerat
702 1479 731 1531 st
752 1472 884 1546 pelagum

450 1556 569 1616 Culmen
590 1558 713 1630 adeptus
734 1557 932 1633 apostolicum,

449 1642 633 1715 conspiciens
655 1643 717 1702 sine
737 1642 794 1702 fine
816 1643 918 1718 Deum,

450 1727 537 1801 Cuius
559 1733 679 1788 oranter
699 1728 738 1788 ed
759 1728 910 1801 imperium

452 1814 581 1888 Protegit
602 1830 686 1873 omne
706 1830 795 1888 genus
817 1814 969 1873 hominum.

377 1983 425 2043 18.
451 1983 488 2042 Hi
511 1983 595 2042 simul
617 1999 685 2058 ergo
709 1983 764 2043 duo
782 1999 916 2058 proceres

449 2068 598 2129 Salvifioos
620 2069 779 2129 recreando
800 2086 900 2144 greges

447 2153 591 2228 Martyris
611 2154 725 2214 subiere
746 2155 853 2228 polum,

449 2240 526 2311 Quos
548 2239 626 2300 Nero
646 2241 736 2300 traxit
756 2241 794 2300 ad
816 2241 971 2314 interitum,

449 2325 602 2384 Daemouis
623 2340 698 2397 esca,
721 2331 805 2399 pater
822 2327 971 2388 scelerum.

377 2496 425 2554 19.
450 2496 552 2554 Petrus
572 2495 648 2554 enim
668 2495 816 2554 subeundo
838 2511 950 2555 crucem

448 2580 554 2641 Paulus
575 2586 605 2639 et
627 2596 695 2640 ense
716 2577 836 2639 ferendo
858 2597 965 2659 necem,

450 2664 498 2724 Sic
520 2665 605 2724 simul
626 2670 723 2726 astroe
742 2681 831 2740 regua
851 2672 961 2740 petunt,

450 2751 566 2810 Coelica
587 2751 717 2824 praemis
737 2767 853 2824 semper
875 2751 979 2811 nabent

449 2836 545 2909 Atque
567 2835 659 2895 Deum
680 2837 742 2896 sine
763 2835 820 2896 fine
842 2839 949 2896 vident.

377 3009 427 3067 20.
450 3008 474 3067 0
496 3006 570 3066 bone
591 3013 700 3081 pastor,
720 3006 821 3066 adesto
843 3008 909 3080 tuis,

451 3093 536 3151 Petro
558 3092 649 3170 beate,
673 3090 774 3153 favens
794 3091 909 3151 famulis

448 3177 537 3237 Ferto
556 3178 703 3251 juvamina
724 3178 810 3250 plens
831 3177 922 3256 bonis,

449 3264 494 3323 Da
517 3265 626 3323 venum
648 3264 786 3323 scelerum
808 3264 929 3336 miseris,

450 3351 475 3408 A
498 3350 585 3409 variis
607 3348 732 3409 liberere
753 3349 844 3408 rnalis.

377 3520 427 3581 21.
451 3520 572 3595 Suscipe
594 3519 719 3579 carmina
741 3525 840 3578 nostra
860 3517 963 3595 libens,

456 3606 578 3680 Respice
599 3621 652 3664 nos
673 3605 739 3678 pius
761 3611 846 3678 atque
868 3610 978 3682 potens,

452 3693 491 3753 Ut
512 3690 664 3764 paradisus
686 3691 716 3750 in
738 3695 817 3750 astra
838 3691 935 3750 virens

449 3778 511 3836 Nos
532 3777 629 3849 capiat
650 3776 705 3835 sibi
727 3792 841 3850 semper
862 3775 982 3845 habeus,

449 3865 511 3937 Quo
533 3868 630 3922 manet
650 3867 751 3921 auctor
772 3868 799 3920 ot
822 3861 1010 3934 omnipotens.

376 4037 426 4097 22.
450 4035 531 4095 Haec
552 4050 663 4108 quoque
685 4033 789 4107 pocula
809 4048 900 4091 necno
922 4032 999 4092 cibos

448 4118 604 4181 Sanctiica
626 4120 785 4180 recreando
806 4124 879 4194 tuos,

449 4206 585 4280 Corpora,
608 4220 787 4280 quaesumus,
809 4204 857 4262 hic
876 4201 974 4264 foveas

451 4291 644 4365 Purificesque
665 4295 767 4364 potens
789 4289 908 4359 animas,

451 4378 512 4436 Nos
534 4391 646 4451 quoque
667 4380 787 4449 perpete
808 4376 967 4450 possideas.
