2918 4868
642 261 874 326 ,245-

416 439 446 496 2.
469 435 592 494 Coelesti
614 436 685 494 solio
708 435 817 494 civibus
839 435 965 493 aetheris

469 519 534 580 Stat
556 536 651 579 coram
673 521 796 581 Domino
818 521 848 578 in
870 521 933 579 vice
952 519 1068 592 sideris,

467 606 549 680 Quod
571 608 687 680 sparsit,
709 607 822 680 recipit,
838 606 947 665 semina

511 692 651 752 Concessa
672 693 727 752 sibi
750 690 877 754 foenore.

415 850 445 910 3.
466 847 523 905 Hic
544 848 643 905 vivens
665 847 753 906 viruit
774 865 830 906 non
852 846 907 905 sibi
928 847 1070 918 subditus,

468 931 633 992 Mundanus
655 933 702 990 hic
724 930 780 991 tuit
801 932 897 992 labilis
920 932 1044 1004 habitus,

470 1017 611 1091 Despexit
633 1019 746 1090 penitus
769 1019 825 1077 ista
847 1016 1000 1094 superflua,

512 1104 596 1162 Nunc
620 1103 725 1162 dantur
746 1104 827 1162 lucra
850 1103 958 1162 debita.

417 1262 447 1317 4.
470 1256 518 1315 Ad
541 1257 621 1327 cujus
644 1257 782 1314 tumulum
806 1256 937 1314 morbida
960 1272 1082 1329 corpora

472 1343 617 1403 Curantur
638 1341 732 1400 subito
755 1341 829 1400 visui
851 1341 976 1413 reddita,

472 1426 578 1486 Caenos
600 1426 750 1498 ‹alarificat
773 1443 903 1500 nexuque
924 1427 1021 1501 lingua

513 1513 678 1572 Sermonem
704 1519 801 1587 stupet
822 1512 940 1576 editum.

422 1673 451 1730 5.
474 1667 613 1725 Auditum
636 1674 755 1739 reparat
776 1665 958 1740 membraque
980 1666 1124 1741 languida,

470 1752 638 1811 Contractus
660 1752 763 1825 elevat,
786 1753 910 1810 carceris
931 1752 1006 1810 ostia

472 1838 593 1912 Frangit
615 1845 645 1895 et
665 1838 759 1910 aperit
781 1836 875 1896 ferrea
897 1837 1020 1909 vincula,

514 1923 651 1996 Captivos
672 1923 770 1982 reddit
791 1923 829 1982 ad
852 1940 913 1986 sua.

421 2081 450 2141 6.
470 2078 551 2138 Haec
572 2094 641 2152 ergo
663 2077 786 2137 modulis
808 2076 882 2136 festa
904 2077 1059 2136 sacerrima

472 2165 529 2224 Per
551 2163 688 2224 mundum
711 2163 837 2222 celebret
858 2162 941 2236 plebs
964 2162 1012 2235 pia
1034 2162 1143 2232 sedula,

472 2249 532 2307 Nos
555 2250 639 2322 hujus
662 2248 795 2323 precibus
818 2249 925 2307 coelica
946 2249 1061 2322 gandia,

513 2335 660 2396 Posuimus
682 2336 776 2408 simul,
797 2334 919 2409 ingredi.

420 2491 447 2550 7.
471 2490 495 2549 0
517 2490 638 2563 simplex
662 2489 763 2559 deitas,
784 2504 886 2565 annue,
907 2488 1057 2564 poscimus,

473 2575 518 2634 Da
538 2575 622 2634 nubis
644 2575 765 2651 veniam,
789 2591 852 2633 nam
877 2575 951 2633 male
973 2574 1104 2642 viximus,

473 2661 614 2734 Purgatus
636 2659 714 2720 vitiis
735 2657 861 2719 transfer
882 2660 920 2718 ud
942 2660 1069 2734 aethera,

513 2747 649 2806 vivamus
671 2746 724 2805 tibi
747 2762 800 2819 per
823 2745 927 2804 saecla.

242 2915 324 2967 Psnlt.
348 2932 397 2966 ma.
415 2916 529 2966 Rotensc
547 2918 609 2965 unni
629 2913 702 2966 1191.
721 2915 784 2965 Cod.
804 2915 889 2980 Capit.
907 2915 1029 2965 Illerdcn.
1051 2912 1089 2963 11.
1109 2916 1284 2964 11.-ΒΜ.
1305 2931 1352 2964 nis.

173 2985 316 3035 lllerdense
338 2986 401 3033 anni
422 2981 495 3034 1451.
515 2983 576 3033 eod.
596 2987 682 3050 Capit.
702 2984 864 3035 incerdens.
885 3001 909 3033 n.
933 2986 961 3034 lt.
985 3011 1012 3018 -
1034 2985 1108 3033 llrcv.
1128 2983 1271 3033 Illerdunsc
1290 2986 1351 3048 imp.

172 3053 284 3104 Illerdae
312 3050 385 3102 1479.
410 3052 438 3103 C.
456 3078 489 3086 —
509 3055 585 3102 llrev.
604 3054 749 3103 illerde-nnc
772 3055 834 3119 imp.
858 3069 896 3103 (ua.
926 3049 991 3103 1533
1010 3053 1042 3102 Ι).
1065 3082 1094 3087 -
1118 3051 1138 3111 1,
1163 3049 1179 3100 2
1202 3055 1304 3102 retinet.
1324 3056 1352 3102 C.

171 3119 196 3179 2,
217 3120 228 3172 1
250 3121 379 3171 aethereis
398 3122 429 3171 D.
449 3149 484 3157 —
502 3118 525 3183 2,
545 3118 561 3170 2
578 3122 677 3171 sederis
697 3122 726 3171 Δ.
746 3151 777 3158 -
796 3119 820 3179 2,
838 3119 855 3171 3
873 3138 961 3171 semen
981 3121 1011 3169 A.
1031 3147 1062 3156 —
1083 3118 1107 3179 2,
1128 3119 1145 3170 4
1163 3124 1251 3171 sinoro
1270 3122 1300 3169 Λ.
1321 3148 1350 3154 --

171 3188 196 3255 3,
223 3188 235 3239 1
256 3190 283 3239 Si
308 3192 401 3239 vivens
425 3192 508 3240 viruit
525 3190 556 3240 Α.
582 3217 612 3224 -
631 3189 656 3250 4,
675 3188 691 3239 2
710 3193 768 3240 visu
790 3189 817 3238 C.
836 3219 857 3226 -
887 3188 911 3249 4,
930 3189 1057 3254 tilingius
1077 3190 1221 3254 dreiailbig.
1294 3186 1353 3241 ἦ.2

174 3259 268 3309 hostia.
288 3259 342 3309 CD.
368 3287 400 3294 —
419 3256 443 3317 7,
464 3256 476 3307 1
496 3260 582 3309 ultime
601 3261 769 3324 poposcimus
788 3260 816 3309 C.
843 3287 846 3291 -
889 3257 913 3319 7,
933 3257 950 3308 4
969 3258 1075 3308 saecula
1094 3258 1147 3308 OD.

545 3579 607 3636 lus.
643 3579 681 3635 lle
701 3581 797 3636 nancto
816 3577 978 3636 llainrndo.

650 3733 693 3787 Ad
711 3733 883 3789 Nocturnum.

177 3894 204 3955 1.
229 3892 416 3963 Raimundns,
440 3897 539 3964 pastor
562 3889 661 3963 bonus,
792 3896 820 3953 2.
845 3893 868 3952 0
893 3892 975 3950 beate
998 3892 1168 3968 Ruimnnde‚

272 3978 366 4037 Hodie
389 3977 533 4052 coelestin,
889 3977 975 4036 Clara
997 3994 1107 4050 gemma
1129 3979 1301 4051 praesulum,

229 4063 291 4120 Deo
315 4064 426 4136 dignus,
447 4060 517 4119 felix
540 4062 651 4135 pignus,
844 4063 897 4133 Qui
921 4079 974 4135 pro
998 4063 1056 4121 vila
1078 4065 1249 4136 repromissa

270 4149 384 4207 'lransit
409 4147 446 4206 ud
470 4147 586 4225 palatiu,
886 4148 950 4205 lloc
972 4149 1105 4220 sprevisti
1129 4151 1281 4225 saeculum,

229 4237 319 4294 Precc
342 4235 422 4306 cnjus
444 4234 543 4292 mundi
567 4234 649 4306 hujus
848 4233 913 4293 Una
935 4241 1027 4291 tecum
1052 4251 1105 4307 per
1125 4241 1152 4291 tc
1175 4251 1313 4292 sumntum

271 4321 473 4392 Dirurnpanrus
497 4319 577 4381 retia.
889 4320 1039 4392 (lupicinus
1063 4318 1210 4379 ferculum.
