2918 4868
619 289 850 353 -165-

506 464 534 525 7.
557 461 601 521 Sit
622 463 684 521 laus
707 462 783 535 patri
805 462 931 535 ingenito

559 548 598 606 Et
620 554 742 621 natoque
762 549 910 625 paraclito,

556 635 652 706 Atque
672 633 774 695 Jacobi
796 632 930 706 precibus

560 719 638 778 Coeli
657 720 810 793 jungamur
831 719 950 782 civibus.

213 836 295 886 Psalt
313 836 494 887 Pallantiunm
514 838 574 902 imp.
592 837 718 887 Lucronii
739 833 812 887 1512.
848 837 924 887 Mei:
942 838 974 887 Iu
992 838 1100 888 coelesti
1118 837 1239 903 collegio.

552 999 606 1058 281.
642 1001 680 1058 llo
697 1002 794 1058 sancto
812 1001 925 1060 Jacobo.

618 1121 661 1176 Ad
678 1122 851 1178 Nocturnum.

147 1250 176 1308 1.
199 1249 286 1308 Miles
309 1248 417 1308 Christi
437 1248 575 1322 piissime,
760 1252 788 1309 4.
813 1248 940 1309 Grandis
963 1255 1104 1323 pugnator
1125 1250 1245 1309 bellicus

200 1334 308 1394 Jacobs
329 1334 524 1409 invictissime,
814 1335 853 1394 Et
874 1335 962 1394 decor
983 1335 1167 1409 apostoliens,

200 1420 262 1478 Lux
285 1420 443 1493 Hispaniae
465 1419 601 1492 nosceris,
815 1421 884 1478 Tuis
907 1420 1084 1480 orationibus

199 1504 338 1564 Succurre
359 1505 442 1564 nobis
463 1506 584 1565 miseris.
812 1506 873 1564 Nos
895 1505 1014 1565 subleva
1035 1506 1187 1568 sideribus.

146 1610 176 1667 2.
196 1607 267 1666 Esto
289 1608 352 1681 pius
376 1608 531 1680 exsulibus
761 1612 789 1668 5.
812 1608 923 1667 Adesto
945 1609 1051 1667 nostris
1070 1608 1213 1688 precibus,

200 1692 290 1751 Nobis
312 1693 350 1752 ad
372 1699 401 1751 te
419 1693 607 1752 clamantibus
812 1694 866 1764 Qui
888 1710 1017 1752 caremus
1041 1693 1203 1772 virtutibus,

200 1777 291 1836 Nocte
313 1785 398 1852 atque
421 1779 556 1851 diluculo,
812 1777 944 1852 offerque
965 1795 1073 1837 summo
1095 1780 1223 1852 praesidi

199 1863 270 1922 Viae
292 1865 393 1923 mortis
416 1865 553 1937 periculo.
812 1864 939 1922 Devotas
961 1865 1062 1923 laudes
1083 1866 1192 1938 populi.

147 1968 177 2026 3.
200 1967 359 2025 Laureatus
381 1968 520 2039 martyrio
759 1969 785 2027 6.
814 1967 921 2040 Regem
943 1983 1041 2039 regunt
1064 1969 1213 2040 expostula

199 2052 239 2109 Es
261 2052 369 2124 primus
392 2052 422 2110 in
445 2055 587 2113 consortio
813 2052 952 2125 Rogando
973 2068 1060 2124 prece
1082 2052 1191 2124 sedula,

199 2137 402 2209 Apostolorum
426 2137 560 2210 omnium,
813 2138 894 2209 Quod
916 2154 969 2196 nos
992 2137 1029 2195 ud
1051 2137 1144 2195 locum
1166 2139 1314 2212 subvehat,

195 2222 240 2280 Tu
261 2221 301 2280 sis
323 2223 405 2281 nobis
428 2223 612 2296 praesidium.
812 2225 846 2282 Iu
870 2240 925 2296 quo
948 2223 996 2280 lux
1019 2222 1092 2281 lucis
1113 2223 1216 2283 luceat.

505 2328 532 2386 7.
556 2327 601 2385 Sit
620 2327 682 2386 laus
705 2327 781 2400 patri
803 2326 938 2400 ingenito.

210 2443 289 2493 esaie
305 2444 484 2495 Pallantinum
504 2447 565 2510 imp.
583 2446 708 2496 Lucronii
728 2442 801 2497 1512.
820 2475 850 2482 -
870 2443 895 2505 4,
914 2442 930 2494 2
950 2444 985 2494 Et
1001 2445 1081 2496 deeris
1101 2446 1270 2510 apostolicus.
1288 2471 1322 2481 -

142 2508 166 2573 6,
189 2509 201 2560 1
222 2528 311 2578 rogum
331 2515 443 2579 postula
462 2540 495 2548 —
513 2515 588 2565 Hel:
607 2516 639 2565 In
656 2515 764 2565 coelesti
782 2515 894 2580 collegio
913 2517 962 2564 mit
978 2516 1105 2581 gutingen
1125 2515 1276 2564 Varianten.

542 2680 603 2735 282.
640 2679 678 2737 llo
695 2683 791 2737 saneto
810 2679 922 2738 lambo.

645 2800 688 2854 Ad
706 2800 820 2855 Laudes.

146 2927 174 2990 1.
198 2925 308 2999 Gaude,
331 2927 413 2984 miles
435 2926 519 3004 bono,
758 2929 786 2986 3.
807 2925 875 2984 Reis
897 2926 992 2984 vincla
1013 2921 1122 2998 frange,

195 3012 294 3071 Victor
315 3013 343 3069 in
366 3028 464 3086 agone,
809 3011 918 3069 Lumen
941 3010 1032 3068 caecis
1056 3010 1140 3085 dona,

195 3097 293 3156 Vincis
315 3098 444 3156 inimicos
811 3096 901 3154 Deurn
926 3111 1023 3155 verum
1045 3111 1132 3167 posce

194 3182 233 3241 Et
251 3183 336 3254 juvas
358 3185 474 3246 amicos.
809 3182 925 3242 Cunctis
946 3187 1048 3239 cuncta
1070 3180 1154 3240 bona

142 3286 171 3343 2.
194 3285 320 3357 AdJutor
341 3287 494 3345 multorum
757 3288 786 3346 4.
811 3285 909 3343 Sumat
931 3298 1032 3357 preces
1055 3298 1108 3356 per
1128 3288 1158 3340 te

195 3369 317 3444 Duxque
338 3372 542 3446 Hispanorum,
811 3370 926 3440 Gratas,
949 3370 1049 3442 culpas
1070 3369 1187 3428 mundet

196 3455 292 3515 Fortis
316 3457 485 3530 debellator,
810 3456 874 3514 Jam
897 3460 1057 3515 transactas
1078 3452 1167 3530 Deus,

196 3540 339 3601 Virtutum
358 3548 478 3606 amator.
810 3543 930 3601 Creator
951 3542 1086 3604 omniurn.

211 3661 293 3712 Pauli.
317 3660 497 3710 Pallantinunn
523 3661 585 3726 intp.
607 3660 734 3709 Lucronii
759 3654 831 3708 1512.
856 3686 891 3695 -
914 3655 941 3720 2,
967 3655 1063 3708 2Dux
1081 3659 1269 3723 Hispanorum.
1288 3683 1320 3691 -

142 3730 218 3782 Naoh
236 3729 287 3781 Str.
310 3726 327 3779 4
351 3729 417 3796 folgt
434 3729 502 3779 noch
524 3728 571 3778 der
584 3728 689 3792 Anfang
710 3728 756 3777 dor
774 3726 932 3792 Doxologio:
957 3726 999 3777 Sit
1022 3727 1080 3776 lans
1104 3728 1173 3791 patri
1192 3728 1318 3791 ingenito,

139 3800 184 3850 dio
203 3798 277 3850 indes
294 3798 368 3847 nicht
385 3813 418 3847 zu
436 3797 534 3849 diesem
553 3798 675 3862 Hymnus
693 3797 770 3861 paist.

546 3963 606 4020 283.
642 3963 680 4020 llo
699 3963 796 4019 sancto
813 3962 923 4019 lueobo.

593 4086 624 4139 In
643 4085 723 4153 Vesp.
743 4091 770 4139 et
786 4084 871 4138 Laud.

142 4216 171 4277 1.
195 4213 325 4287 Hymnos
348 4212 450 4271 chorus
474 4227 536 4269 cum
557 4211 672 4270 modulo
757 4213 786 4271 2.
809 4211 862 4281 Qui
885 4209 1033 4267 Zebedneo
1056 4208 1178 4283 genitus,

196 4298 302 4358 Noster
325 4299 455 4357 decantet
479 4297 579 4355 sedulo
808 4295 893 4353 lllum
918 4294 1079 4367 relinquens
1101 4294 1223 4365 ponitus,

196 4386 321 4445 Patrono
344 4383 553 4457 benignissimo⁴
811 4380 944 4439 Dimissis
967 4381 1042 4451 navi,
1067 4379 1175 4436 retibus

192 4469 305 4529 Jacobo
327 4470 529 4531 sacratissimo.
811 4467 961 4526 Adhaeret
983 4464 1098 4524 Christo
1120 4464 1249 4524 coelitus
