2918 4868
643 254 877 318 -tlo-

166 442 198 501 V.
229 441 306 500 Nata
327 440 356 497 in
376 439 470 512 prima
491 435 609 508 Belgica

229 526 273 585 De
294 525 348 583 hac
371 524 478 598 gaudet
498 520 636 593 secunda,

230 611 303 670 Nam
327 611 433 669 virtute
455 607 576 666 mirifica

228 697 321 770 Hujus
347 695 380 754 lit
400 693 576 754 laetabunda

230 782 291 841 Nec
313 798 369 840 non
392 780 540 839 societate.

177 890 206 949 3.
229 884 389 945 Ecclesiam
413 881 524 941 dotavit

228 971 340 1029 Helena
361 968 447 1028 altius

229 1057 270 1116 Et
291 1055 378 1114 fidem
398 1052 546 1113 roboravit

234 1144 290 1202 Per
311 1155 425 1199 crucem
448 1137 571 1212 plenius,

231 1228 255 1287 0
277 1232 413 1299 quantum
435 1222 579 1284 laboravit

231 1314 266 1371 In
286 1311 341 1369 hoo
364 1309 505 1381 devotiuS,

233 1397 316 1457 Viam
339 1395 420 1455 nohis
442 1393 622 1471 monstravit,

233 1483 392 1555 Sequemur
413 1481 507 1542 citius.

169 1569 204 1633 V.
234 1569 318 1627 Hanc
340 1567 418 1626 Deus
439 1565 592 1640 inspiravit

232 1654 278 1714 Ex
298 1670 350 1712 suo
372 1667 503 1725 munere,

233 1738 394 1797 Virtutibus
418 1738 538 1813 dotavit,

232 1825 345 1897 Regnat
366 1823 395 1881 iu
418 1823 536 1882 aethere

233 1910 428 1982 Triumphaus
452 1908 573 1981 dignius.

319 2116 360 2175 ln
383 2114 592 2176 Laudibus.

363 2234 539 2301 Antiphonac.

185 2343 215 2402 1.
236 2342 314 2401 Laus
336 2341 375 2400 sit
396 2340 458 2399 Deo
480 2356 534 2412 pro
555 2339 676 2410 Helena,

277 2427 388 2499 Regina
410 2425 535 2499 egregia,

235 2514 313 2584 Quae
335 2511 493 2584 triumphat
515 2511 579 2568 luce
602 2509 687 2581 plena

277 2600 313 2657 ln
338 2596 457 2655 coelesti
480 2596 569 2657 curia.

187 2718 216 2776 2.
239 2715 309 2774 Fuit
329 2721 421 2773 mater
442 2713 621 2774 Constantini

274 2801 386 2860 Helena
407 2799 588 2858 sanctissima

237 2886 299 2945 Nec
322 2903 378 2945 non
401 2886 506 2944 amoris
530 2884 620 2943 divini

274 2972 406 3031 Amatrix
429 2970 585 3030 verissima.

185 3097 214 3157 3.
237 3093 343 3167 Magna
365 3091 438 3151 fides
459 3092 535 3151 hanc
556 3091 680 3150 firmavit

275 3178 321 3237 Ex
345 3178 443 3237 divino
465 3193 591 3249 munere,

238 3264 418 3323 Hierusalem
442 3261 652 3339 transfretavit,

275 3349 394 3409 Crucem
418 3349 525 3409 Christi
546 3364 693 3423 quaerere.

188 3474 216 3531 4.
241 3470 353 3529 Helena
377 3470 470 3543 minis,
493 3470 637 3543 pressuris

275 3558 310 3616 In
331 3557 459 3619 Judaeos
481 3556 574 3627 irruit,

237 3643 388 3716 Quousque
408 3641 503 3701 Judae
526 3639 645 3701 fossuris

277 3728 397 3786 Crucem
419 3728 528 3789 Christi
550 3726 659 3787 habuit.

187 3852 216 3909 5.
238 3847 399 3907 Laudemus
422 3849 561 3909 Helenam
583 3853 690 3908 tantam

278 3934 382 3994 Omnes
405 3933 575 4010 voluntarie,

948 421 988 472 Ad
1008 419 1177 472 Benedictus.

779 531 816 594 A.
840 531 863 590 0
887 529 998 588 Helena
1020 523 1183 597 imperatix,

885 613 990 674 Vixisti
1013 608 1181 679 rectissime,

845 700 940 758 Fuisti
963 695 1071 758 Christi
1094 691 1253 766 laudatrix,

884 783 978 845 Obisti
1000 779 1190 850 sanctissime,

845 871 958 944 Regnas
981 867 1069 927 coelis
1089 863 1310 939 triumphatrix,

884 955 963 1016 Audi
984 970 1037 1013 nos
1058 950 1196 1027 piissime.

814 1146 886 1205 Per
907 1145 1032 1203 Horas
1053 1138 1322 1213 Antiphonae.

972 1261 1013 1313 Ad
1031 1261 1154 1311 Primam.

848 1367 957 1426 Romae
980 1362 1036 1423 tuit
1057 1361 1180 1437 sepelite

888 1452 1035 1525 Dignitate
1056 1449 1135 1522 regia

849 1537 970 1609 Helena,
993 1550 1067 1610 qnae
1087 1539 1116 1592 et
1136 1532 1217 1591 nnita

889 1623 1005 1685 Christo
1027 1626 1072 1679 est
1092 1620 1122 1678 in
1144 1617 1246 1693 gloria

976 1756 1017 1807 Ad
1034 1756 1160 1806 Tertiam.

850 1863 934 1922 Diem
956 1862 1064 1921 Romm
1085 1859 1215 1918 ultimum

889 1947 984 2007 Hodie
1006 1946 1120 2006 Helena

850 2033 969 2107 Clausit,
992 2032 1048 2090 iter
1070 2031 1208 2103 optimum

889 2122 987 2194 Agens
1009 2118 1047 2177 ad
1069 2133 1197 2177 amoena.

985 2252 1025 2303 hd
1043 2253 1158 2304 Sextum.

851 2358 989 2420 Exultata
1011 2363 1056 2416 est
1076 2357 1188 2416 Helena

889 2447 925 2504 ln
947 2443 1020 2503 coeli
1041 2442 1158 2520 palatio,

853 2530 944 2591 Nobis
966 2530 1102 2602 impetret
1121 2543 1242 2589 amoena

891 2616 962 2676 Cum
985 2614 1083 2675 divino
1105 2613 1173 2672 filio.

983 2749 1024 2800 Ad
1042 2751 1154 2800 Nonam.

848 2855 904 2914 Est
924 2855 1035 2915 Helena
1057 2855 1199 2913 exsaltata

890 2942 925 3001 In
948 2940 1065 2999 coelesti
1085 2940 1167 3016 solio,

852 3027 973 3085 Fmitur
994 3026 1056 3084 Deo
1079 3025 1164 3084 beata

889 3111 929 3170 Et
951 3111 1023 3169 coeli
1047 3111 1177 3184 collegio.

912 3283 952 3340 In
975 3284 1005 3341 2.
1029 3280 1229 3355 vesperis.

956 3397 999 3448 Ad
1018 3398 1179 3464 Magnificat

789 3507 826 3566 A.
850 3505 919 3563 Fuit
940 3504 1011 3564 haec
1033 3504 1219 3563 conversione

891 3589 968 3651 Filia
990 3589 1137 3667 ecclesiae,

854 3675 942 3735 Soror
964 3675 1179 3736 conversatione

892 3763 932 3821 Et
952 3768 1045 3821 mater
1068 3761 1181 3836 egregie

853 3847 900 3906 Ex
923 3848 1015 3907 crucis
1037 3847 1202 3906 inventione

893 3933 1010 4006 Christi,
1033 3934 1109 4008 regis
1131 3932 1256 4007 gloriam

235 4021 314 4094 Quae
343 4020 453 4078 invenit
475 4035 588 4078 crucem
610 4025 738 4079 sanctam
854 4020 935 4079 Haec
957 4020 1040 4080 nobis
1063 4018 1214 4080 devotione

277 4106 312 4165 In
335 4110 430 4164 monte
454 4105 612 4165 Calvariae.

893 4106 1014 4179 Semper
1035 4106 1072 4164 sit
1094 4105 1257 4165 memoriae.

243 4243 386 4293 Bramme.
407 4239 712 4293 Dertusensasaec.15.
743 4241 1107 4307 cenomannenses
1125 4258 1151 4291 n.
1169 4242 1235 4291 Δ.-
1238 4243 1349 4291 -Brev.

175 4327 222 4359 ms.
249 4312 411 4361 Dertusonse
443 4326 511 4362 saec.
544 4309 583 4361 15.
613 4311 677 4361 Coti.
701 4311 722 4359 C

723 4327 740 4360 a
758 4313 787 4360 it.
809 4312 947 4361 Dertuscn.
978 4328 999 4361 s.
1028 4327 1054 4360 n.
1082 4311 1179 4361 B.—
1205 4309 1278 4361 Offic.
1308 4326 1358 4359 ms.

175 4395 244 4431 saec.
266 4377 305 4431 tt
324 4379 387 4433 cod.
407 4381 505 4432 Scmin.
524 4380 670 4434 Gerunden
688 4376 763 4432 230
782 4381 861 4433 0.-
882 4381 958 4431 Brov.
977 4382 1162 4432 Dcrtuaenso
1156 4396 1219 4447 xmp.
1212 4378 1365 4444 .Lugduni'

996 4635 1009 4671 Ο
