2918 4868
597 255 826 319 -193-

189 425 246 476 CM.
266 454 297 461 —
320 426 340 488 1,
360 426 376 476 5
394 427 426 477 ad
444 429 571 478 coelestes
590 427 701 492 guardias
714 429 749 479 M.
768 457 800 465 -
820 425 844 487 2,
865 424 877 477 1
897 428 979 493 Cujus
995 434 1112 478 attensns
1125 430 1167 490 Μ,
1186 429 1297 495 flagran-

120 498 149 544 tii
168 496 205 545 M.
231 525 264 532 —
289 494 313 556 3,
332 494 349 545 4
368 496 457 545 sedere
475 496 583 546 dextrae
600 496 658 547 CM.
680 521 713 529 -
735 494 759 555 4.
778 493 795 548 3
812 496 974 547 confirmatis
992 499 1028 547 M.
1052 525 1083 531 -
1101 495 1126 556 6,
1147 496 1158 546 1
1179 498 1297 547 Nondern

120 569 206 614 autem
226 565 336 631 angelus
354 566 390 614 M.
413 590 445 599 -
468 562 492 625 6,
512 562 528 614 5
545 564 611 615 fehlt
627 562 663 614 M.
690 590 721 598 -
740 564 865 615 Wilhelrn
886 567 905 624 l,
925 566 1061 615 Patriarrlr
1080 582 1133 615 ven
1149 566 1297 616 Jerusalem

122 649 176 682 war
201 635 317 697 geboren
343 650 375 683 au
397 634 526 683 Messines
554 628 727 697 in⁴Belgien,
750 649 805 684 war
828 635 904 683 Prior
925 634 972 684 der
995 635 1029 683 hl.
1055 633 1219 684 Grablrirelre
1244 635 1297 684 und

121 699 255 751 nau-45
268 703 414 763 Patriareh,
433 702 587 766 reaignierte
607 699 672 752 1146
689 702 743 751 und
761 701 833 751 starb
852 701 903 752 den
915 699 956 753 27.
970 704 1041 768 Sept
1059 699 1131 752 1185.
1164 704 1296 761 Wauters,

120 770 278 834 ltiegraplrie
295 771 328 819 de
346 772 473 888 Belgirgre
492 767 653 831 VllI,·436.
689 767 759 836 (Vgl.
771 771 843 839 iiber
863 770 910 820 ihn
928 770 1066 831 Rshrieht,
1090 773 1204 834 Regesta
1222 773 1295 836 regni

120 839 355 902 Hierosolymitani
380 857 404 903 p.
445 837 474 895 ὃς
500 839 615 888 Bulletin
638 838 670 888 de
696 840 722 889 la
746 838 843 889 sociate
866 839 1001 890 nationale
1019 839 1065 889 des
1084 841 1246 904 antiquairea
1264 840 1297 889 de

120 906 218 956 Fraus-e
246 905 324 966 1878,
351 905 406 957 196.
442 907 593 957 zeitschrift
613 907 658 957 des
681 907 825 958 deutschen
848 908 1091 957 Palastinavereins
1109 909 1147 967 X,
1172 906 1188 957 7
1213 925 1238 958 u.
1262 908 1297 968 t).

119 975 245 1024 Wilhelm
263 993 314 1026 von
333 978 419 1040 Tyrus
438 975 563 1025 achildert
580 975 625 1025 ilrn
645 977 722 1038 x1v,
747 972 780 1025 26
799 977 847 1025 mit
864 976 915 1026 den
933 977 1055 1026 Worten:
1081 977 1198 1026 streeedit
1214 978 1297 1027 dorni·

118 1059 167 1093 nus
180 1044 352 1103 wilhelmus,
376 1047 448 1110 prior
466 1045 593 1094 eeclesiae
611 1044 736 1095 dominici
754 1043 897 1109 sepulchri,
916 1047 957 1094 vir
975 1044 1100 1109 simplex,
1121 1046 1221 1096 modice
1240 1046 1296 1096 lite·

118 1116 198 1171 ratus,
217 1113 300 1164 tonna
312 1113 431 1177 decorus,
450 1114 598 1163 moralitate
610 1112 834 1173 commendabilia,
853 1113 1007 1179 Flarningus
1020 1115 1127 1164 natione
1140 1114 1173 1164 de
1185 1131 1217 1165 eo
1229 1114 1296 1175 loeo,

118 1183 163 1244 qui
185 1181 282 1230 dieitur
298 1184 415 1238 Meeine,
441 1182 496 1246 regi
520 1183 645 1246 regnique
669 1181 831 1247 principibus
856 1186 882 1231 et
900 1181 997 1247 pupulo
1015 1184 1139 1232 universo
1156 1183 1297 1247 plurimum

117 1257 248 1315 acceptu.
267 1276 299 1284 -
318 1253 369 1301 Die
388 1250 449 1300 Mel.
467 1251 552 1300 diesen
571 1249 667 1300 Liedea
684 1249 715 1311 (a.
734 1250 761 1299 S.
779 1246 840 1310 221)
859 1248 971 1300 befiudet
991 1250 1047 1300 sieh
1066 1251 1147 1301 sehon
1165 1252 1242 1302 anal.
1261 1253 1295 1303 11.

119 1315 168 1369 110
187 1335 211 1368 u.
230 1319 256 1378 1.,
276 1318 335 1369 (lert
353 1319 417 1369 aber
435 1336 485 1369 run·
503 1335 551 1369 aua
570 1320 688 1369 Neumen
706 1317 843 1368 entziffert.

503 1533 528 1588 4.
557 1531 679 1602 llynnus
696 1529 786 1587 saneti
806 1531 913 1603 laeebi,

116 1647 286 1704 adonrno
303 1643 513 1717 Guilelnnr,
537 1639 1131 1721 patriarcheierosolymitano.
1151 1649 1295 1723 editus,

457 1733 545 1800 poet
568 1725 705 1786 Venite
727 1730 957 1791 cantandus.

119 1886 144 1946 1.
168 1883 347 1945 Jucundetur

169 1970 208 2028 Et
233 1969 364 2039 laetetur,

167 2057 375 2127 Augrnentetur

211 2140 354 2198 Fidelium
377 2138 491 2208 eenciu;

168 2225 350 2299 Solemniaet‚

168 2311 335 2387 Medullia,

168 2396 320 2471 Organizet

212 2482 343 2556 Spiritali
365 2480 478 2554 gaudie.

116 2624 142 2682 2.
167 2621 200 2677 ln
223 2620 277 2678 hae
300 2620 357 2692 die,

166 2707 200 2765 In
224 2722 279 2778 qua
300 2704 366 2777 piae

168 2792 315 2851 Melodiae

212 2877 349 2936 Reddunt
371 2875 471 2934 landes
494 2872 615 2945 debitas,

167 2962 344 3033 Celebretur,

164 3049 349 3119 Decantetnr,

167 3133 343 3193 Sublinretnr

206 3217 308 3281 Jacobi
332 3215 482 3275 festivitas.

114 3363 143 3418 3.
171 3355 278 3415 Psallat
303 3352 394 3412 fretus

166 3441 245 3503 Coeli
265 3447 372 3515 coetus,

165 3527 251 3588 Orbis
271 3527 372 3598 laetus,

209 3612 332 3671 Plaudet
353 3617 452 3670 nostra
474 3609 589 3681 uncio,

165 3699 221 3757 Sed
242 3697 393 3769 cantantis,

167 3783 362 3842 Auscultantis

166 3870 205 3927 Et
227 3869 359 3927 laetantis

208 3956 284 4013 Pura
305 3955 345 4014 sit
367 3953 491 4015 devotio·

111 4097 140 4153 4.
165 4091 400 4168 Prunratrne108,

167 4179 278 4236 Pandat
300 4177 404 4250 caelos,

165 4265 277 4336 Tangat
297 4262 378 4320 theos

208 4352 275 4408 Cum
299 4351 409 4407 sonoris
433 4349 563 4422 vecibus3

162 4462 275 4505 Dreros,
291 4453 410 4508 nymedi·
422 4455 530 4498 Hiberica.
558 4457 586 4498 u.

785 1882 876 1941 Terra
897 1890 989 1956 senet,

784 1967 889 2026 Grates
912 1970 1008 2043 donet,

745 2046 748 2051 ‘
785 2053 900 2112 Ceelurn
923 2062 1011 2128 tenet,

828 2139 905 2198 Pura
926 2141 962 2198 sit
986 2142 1109 2205 devotio.

732 2278 760 2338 5.
784 2275 864 2333 Nihil
887 2283 1034 2350 maestum,

784 2361 842 2419 Sed
865 2361 1013 2420 honestum

784 2448 840 2506 Per
861 2447 915 2505 hoe
938 2446 1041 2508 lestnrn

826 2531 891 2589 Fiat
914 2533 990 2591 inter
1011 2536 1121 2610 omnia,

784 2617 946 2694 Exaltetur‚

784 2704 975 2762 eonseeretur

783 2787 823 2846 Et
845 2790 978 2848 laudetur

825 2874 928 2934 iacobi
951 2876 1080 2940 victoria.

730 3019 759 3081 6.
782 3014 881 3076 Omnis
902 3012 1026 3072 mundus

783 3099 987 3162 Laetabundns

783 3188 827 3246 Sit
848 3184 1001 3258 jucundus,

824 3272 887 3328 Hoc
909 3276 1006 3327 monet
1028 3268 1180 3327 celebritas

782 3359 853 3416 Tam
875 3354 1004 3428 insignis,

782 3441 867 3501 Tanti
890 3440 985 3515 dignis

783 3528 845 3587 Viri
867 3525 955 3600 signis

833 3613 957 3673 Miretur
978 3610 1148 3671 humanitas.
1176 3625 1179 3632 ¹

728 3753 756 3813 7.
780 3752 804 3812 0
827 3750 968 3826 miranda,

779 3839 803 3896 Ο
825 3837 958 3911 amanda,

779 3923 803 3982 0
826 3921 977 3996 cauenda,

823 4008 846 4067 Ο
869 4005 938 4064 felix
959 4003 1111 4078 festivitas,

780 4093 804 4153 0
826 4091 979 4168 stupenda,

779 4179 803 4238 0
821 4177 952 4253 colenda,

781 4265 804 4322 0
826 4262 949 4337 legenda

822 4348 925 4411 laeebi
946 4346 1121 4408 solemnitas.
