<?xml version="1.0" encoding="UTF-8"?>
<!DOCTYPE html PUBLIC "-//W3C//DTD XHTML 1.0 Transitional//EN"
    "http://www.w3.org/TR/xhtml1/DTD/xhtml1-transitional.dtd">
<html xmlns="http://www.w3.org/1999/xhtml" xml:lang="en" lang="en">
 <head>
  <title>
</title>
<meta http-equiv="Content-Type" content="text/html;charset=utf-8" />
  <meta name='ocr-system' content='tesseract 3.04.00' />
  <meta name='ocr-capabilities' content='ocr_page ocr_carea ocr_par ocr_line ocrx_word'/>
</head>
<body>
  <div class='ocr_page' id='page_1' title='image "./hymnodiahiberic00drevgoog_0173.png"; bbox 0 0 2918 4868; ppageno 0'>
   <div class='ocr_carea' id='block_1_1' title="bbox 612 295 840 358">
    <p class='ocr_par' dir='ltr' id='par_1_1' title="bbox 612 295 840 358">
     <span class='ocr_line' id='line_1_1' title="bbox 612 295 840 358; baseline 0 0"><span class='ocrx_word' id='word_1_1' title='bbox 612 295 840 358; x_wconf 86' lang='lat'><strong>—166-</strong></span> 
     </span>
    </p>
   </div>
   <div class='ocr_carea' id='block_1_2' title="bbox 146 467 1306 800">
    <p class='ocr_par' dir='ltr' id='par_1_2' title="bbox 146 467 1306 800">
     <span class='ocr_line' id='line_1_2' title="bbox 146 467 1255 531; baseline -0.003 -2"><span class='ocrx_word' id='word_1_2' title='bbox 146 472 174 531; x_wconf 83' lang='lat'>8.</span> <span class='ocrx_word' id='word_1_3' title='bbox 197 471 224 528; x_wconf 76' lang='lat' dir='ltr'>A</span> <span class='ocrx_word' id='word_1_4' title='bbox 247 469 308 527; x_wconf 88' lang='lat' dir='ltr'>Deo</span> <span class='ocrx_word' id='word_1_5' title='bbox 330 469 512 528; x_wconf 74' lang='lat' dir='ltr'>constituitur</span> <span class='ocrx_word' id='word_1_6' title='bbox 761 473 788 531; x_wconf 85' lang='lat'>5.</span> <span class='ocrx_word' id='word_1_7' title='bbox 810 467 904 527; x_wconf 85' lang='lat' dir='ltr'>Ambo</span> <span class='ocrx_word' id='word_1_8' title='bbox 928 467 1022 527; x_wconf 83' lang='lat' dir='ltr'>ierant</span> <span class='ocrx_word' id='word_1_9' title='bbox 1042 469 1079 527; x_wconf 89' lang='lat' dir='ltr'>od</span> <span class='ocrx_word' id='word_1_10' title='bbox 1102 469 1255 527; x_wconf 91' lang='lat' dir='ltr'>Dominum</span> 
     </span>
     <span class='ocr_line' id='line_1_3' title="bbox 199 554 1306 631; baseline -0.001 -17"><span class='ocrx_word' id='word_1_11' title='bbox 199 554 364 627; x_wconf 63' lang='lat' dir='ltr'>Apostolus</span> <span class='ocrx_word' id='word_1_12' title='bbox 387 571 468 628; x_wconf 89' lang='lat' dir='ltr'>quem</span> <span class='ocrx_word' id='word_1_13' title='bbox 492 555 621 628; x_wconf 88' lang='lat' dir='ltr'>sequitur</span> <span class='ocrx_word' id='word_1_14' title='bbox 813 555 872 613; x_wconf 93' lang='lat' dir='ltr'>Nos</span> <span class='ocrx_word' id='word_1_15' title='bbox 895 555 1015 612; x_wconf 89' lang='lat' dir='ltr'>mundos</span> <span class='ocrx_word' id='word_1_16' title='bbox 1038 556 1124 613; x_wconf 90' lang='lat' dir='ltr'>sorde</span> <span class='ocrx_word' id='word_1_17' title='bbox 1146 555 1306 631; x_wconf 89' lang='lat' dir='ltr'>criminum,</span> 
     </span>
     <span class='ocr_line' id='line_1_4' title="bbox 199 639 1256 700; baseline -0.001 -1"><span class='ocrx_word' id='word_1_18' title='bbox 199 640 294 699; x_wconf 89' lang='lat' dir='ltr'>Multa</span> <span class='ocrx_word' id='word_1_19' title='bbox 314 640 446 698; x_wconf 88' lang='lat' dir='ltr'>miranda</span> <span class='ocrx_word' id='word_1_20' title='bbox 469 639 577 699; x_wconf 85' lang='lat' dir='ltr'>faciens</span> <span class='ocrx_word' id='word_1_21' title='bbox 812 642 882 700; x_wconf 89' lang='lat' dir='ltr'>Cum</span> <span class='ocrx_word' id='word_1_22' title='bbox 903 640 1010 698; x_wconf 85' lang='lat' dir='ltr'>sanctis</span> <span class='ocrx_word' id='word_1_23' title='bbox 1033 640 1060 698; x_wconf 91' lang='lat' dir='ltr'>in</span> <span class='ocrx_word' id='word_1_24' title='bbox 1085 640 1256 699; x_wconf 89' lang='lat' dir='ltr'>coelestibus</span> 
     </span>
     <span class='ocr_line' id='line_1_5' title="bbox 194 724 1211 800; baseline 0 -14"><span class='ocrx_word' id='word_1_25' title='bbox 194 725 320 787; x_wconf 87' lang='lat' dir='ltr'>Jacobus</span> <span class='ocrx_word' id='word_1_26' title='bbox 342 726 480 799; x_wconf 87' lang='lat' dir='ltr'>prudeus,</span> <span class='ocrx_word' id='word_1_27' title='bbox 503 725 625 800; x_wconf 86' lang='lat' dir='ltr'>patiens.</span> <span class='ocrx_word' id='word_1_28' title='bbox 811 725 904 799; x_wconf 80' lang='lat' dir='ltr'><strong>Digne</strong></span> <span class='ocrx_word' id='word_1_29' title='bbox 925 724 1053 785; x_wconf 83' lang='lat' dir='ltr'>fruamur</span> <span class='ocrx_word' id='word_1_30' title='bbox 1076 725 1211 786; x_wconf 89' lang='lat' dir='ltr'>vestibus.</span> 
     </span>
    </p>
   </div>
   <div class='ocr_carea' id='block_1_3' title="bbox 139 827 1242 1157">
    <p class='ocr_par' dir='ltr' id='par_1_3' title="bbox 139 827 1242 1157">
     <span class='ocr_line' id='line_1_6' title="bbox 139 827 1177 900; baseline -0.001 -13"><span class='ocrx_word' id='word_1_31' title='bbox 139 830 168 893; x_wconf 85' lang='lat'>4.</span> <span class='ocrx_word' id='word_1_32' title='bbox 192 827 296 886; x_wconf 80' lang='lat' dir='ltr'>Frater</span> <span class='ocrx_word' id='word_1_33' title='bbox 318 828 379 900; x_wconf 82' lang='lat' dir='ltr'>eJus</span> <span class='ocrx_word' id='word_1_34' title='bbox 403 827 544 900; x_wconf 82' lang='lat' dir='ltr'>amabilis,</span> <span class='ocrx_word' id='word_1_35' title='bbox 757 829 786 887; x_wconf 88' lang='grc'>6.</span> <span class='ocrx_word' id='word_1_36' title='bbox 810 829 892 888; x_wconf 90' lang='lat' dir='ltr'>Unus</span> <span class='ocrx_word' id='word_1_37' title='bbox 913 828 943 885; x_wconf 94' lang='lat' dir='ltr'>iu</span> <span class='ocrx_word' id='word_1_38' title='bbox 966 829 1042 887; x_wconf 95' lang='lat' dir='ltr'>trino</span> <span class='ocrx_word' id='word_1_39' title='bbox 1064 829 1177 887; x_wconf 89' lang='lat' dir='ltr'>nomine</span> 
     </span>
     <span class='ocr_line' id='line_1_7' title="bbox 192 913 1201 991; baseline 0 -19"><span class='ocrx_word' id='word_1_40' title='bbox 192 913 338 974; x_wconf 87' lang='lat' dir='ltr'>Johannes</span> <span class='ocrx_word' id='word_1_41' title='bbox 360 914 533 971; x_wconf 84' lang='lat' dir='ltr'>venerabilis</span> <span class='ocrx_word' id='word_1_42' title='bbox 811 913 890 971; x_wconf 88' lang='lat' dir='ltr'>Deus</span> <span class='ocrx_word' id='word_1_43' title='bbox 912 914 1047 990; x_wconf 80' lang='lat' dir='ltr'>existens,</span> <span class='ocrx_word' id='word_1_44' title='bbox 1070 913 1201 991; x_wconf 87' lang='lat' dir='ltr'>Domine,</span> 
     </span>
     <span class='ocr_line' id='line_1_8' title="bbox 191 998 1182 1074; baseline 0.002 -19"><span class='ocrx_word' id='word_1_45' title='bbox 191 998 241 1056; x_wconf 87' lang='lat' dir='ltr'>Fit</span> <span class='ocrx_word' id='word_1_46' title='bbox 262 998 376 1056; x_wconf 86' lang='lat' dir='ltr'>insimul</span> <span class='ocrx_word' id='word_1_47' title='bbox 400 998 566 1071; x_wconf 89' lang='lat' dir='ltr'>discipulus,</span> <span class='ocrx_word' id='word_1_48' title='bbox 812 998 857 1056; x_wconf 84' lang='lat' dir='ltr'>Da</span> <span class='ocrx_word' id='word_1_49' title='bbox 879 999 961 1056; x_wconf 92' lang='lat' dir='ltr'>nobis</span> <span class='ocrx_word' id='word_1_50' title='bbox 983 1004 1052 1071; x_wconf 88' lang='lat' dir='ltr'>apto</span> <span class='ocrx_word' id='word_1_51' title='bbox 1075 1007 1182 1074; x_wconf 88' lang='lat' dir='ltr'>petere,</span> 
     </span>
     <span class='ocr_line' id='line_1_9' title="bbox 193 1084 1242 1157; baseline 0.003 -15"><span class='ocrx_word' id='word_1_52' title='bbox 193 1084 398 1156; x_wconf 85' lang='lat' dir='ltr'>Redemptoris</span> <span class='ocrx_word' id='word_1_53' title='bbox 420 1084 575 1156; x_wconf 88' lang='lat' dir='ltr'>apostolus.</span> <span class='ocrx_word' id='word_1_54' title='bbox 809 1086 889 1156; x_wconf 77' lang='lat' dir='ltr'>Quae</span> <span class='ocrx_word' id='word_1_55' title='bbox 911 1091 1042 1157; x_wconf 89' lang='lat' dir='ltr'>optamus</span> <span class='ocrx_word' id='word_1_56' title='bbox 1063 1086 1092 1142; x_wconf 93' lang='lat' dir='ltr'>in</span> <span class='ocrx_word' id='word_1_57' title='bbox 1115 1085 1242 1146; x_wconf 83' lang='lat' dir='ltr'>aethere.</span> 
     </span>
    </p>
   </div>
   <div class='ocr_carea' id='block_1_4' title="bbox 137 1198 1319 1334">
    <p class='ocr_par' dir='ltr' id='par_1_4' title="bbox 137 1198 1319 1334">
     <span class='ocr_line' id='line_1_10' title="bbox 207 1198 1319 1270; baseline 0 -18"><span class='ocrx_word' id='word_1_58' title='bbox 207 1204 282 1253; x_wconf 87' lang='lat' dir='ltr'>Brev.</span> <span class='ocrx_word' id='word_1_59' title='bbox 302 1202 486 1252; x_wconf 79' lang='lat' dir='ltr'>Placentinum</span> <span class='ocrx_word' id='word_1_60' title='bbox 510 1203 572 1266; x_wconf 89' lang='lat' dir='ltr'>imp.</span> <span class='ocrx_word' id='word_1_61' title='bbox 591 1202 711 1251; x_wconf 84' lang='lat' dir='ltr'>Venetiis</span> <span class='ocrx_word' id='word_1_62' title='bbox 736 1198 859 1252; x_wconf 72' lang='grc'><strong>15011.</strong></span> <span class='ocrx_word' id='word_1_63' title='bbox 884 1228 916 1236; x_wconf 92' lang='grc'><strong>-</strong></span> <span class='ocrx_word' id='word_1_64' title='bbox 936 1205 1011 1253; x_wconf 85' lang='lat' dir='ltr'>ilrev.</span> <span class='ocrx_word' id='word_1_65' title='bbox 1030 1203 1239 1254; x_wconf 79' lang='lat' dir='ltr'>Salmanticemse</span> <span class='ocrx_word' id='word_1_66' title='bbox 1258 1205 1319 1270; x_wconf 90' lang='lat' dir='ltr'>imp.</span> 
     </span>
     <span class='ocr_line' id='line_1_11' title="bbox 137 1267 1203 1334; baseline 0.001 -14"><span class='ocrx_word' id='word_1_67' title='bbox 137 1271 317 1321; x_wconf 77' lang='lat' dir='ltr'>Salmanticae</span> <span class='ocrx_word' id='word_1_68' title='bbox 338 1267 411 1320; x_wconf 97' lang='grc'><strong>1541.</strong></span> <span class='ocrx_word' id='word_1_69' title='bbox 431 1272 459 1320; x_wconf 88' lang='lat' dir='ltr'>B.</span> <span class='ocrx_word' id='word_1_70' title='bbox 478 1296 510 1303; x_wconf 97' lang='lat'><em>-</em></span> <span class='ocrx_word' id='word_1_71' title='bbox 531 1267 553 1330; x_wconf 95' lang='lat' dir='ltr'>l,</span> <span class='ocrx_word' id='word_1_72' title='bbox 574 1268 585 1320; x_wconf 95' lang='grc'>1</span> <span class='ocrx_word' id='word_1_73' title='bbox 606 1271 741 1334; x_wconf 74' lang='lat' dir='ltr'>Hymnum</span> <span class='ocrx_word' id='word_1_74' title='bbox 759 1271 789 1320; x_wconf 83' lang='lat'>13.</span> <span class='ocrx_word' id='word_1_75' title='bbox 808 1298 838 1306; x_wconf 92' lang='lat'>—</span> <span class='ocrx_word' id='word_1_76' title='bbox 859 1268 882 1330; x_wconf 87' lang='grc'>6,</span> <span class='ocrx_word' id='word_1_77' title='bbox 904 1268 916 1319; x_wconf 96' lang='lat' dir='ltr'>l</span> <span class='ocrx_word' id='word_1_78' title='bbox 936 1272 1024 1322; x_wconf 87' lang='lat' dir='ltr'>Unum</span> <span class='ocrx_word' id='word_1_79' title='bbox 1042 1274 1069 1321; x_wconf 90' lang='lat' dir='ltr'>in</span> <span class='ocrx_word' id='word_1_80' title='bbox 1086 1274 1155 1321; x_wconf 85' lang='lat' dir='ltr'>trino</span> <span class='ocrx_word' id='word_1_81' title='bbox 1174 1274 1203 1321; x_wconf 85' lang='grc' dir='ltr'>Β.</span> 
     </span>
    </p>
   </div>
   <div class='ocr_carea' id='block_1_5' title="bbox 537 1434 919 1494">
    <p class='ocr_par' dir='ltr' id='par_1_5' title="bbox 537 1434 919 1494">
     <span class='ocr_line' id='line_1_12' title="bbox 537 1434 919 1494; baseline -0.003 -3"><span class='ocrx_word' id='word_1_82' title='bbox 537 1435 597 1492; x_wconf 83' lang='grc'><strong>284.</strong></span> <span class='ocrx_word' id='word_1_83' title='bbox 634 1435 672 1492; x_wconf 81' lang='lat' dir='ltr'>llo</span> <span class='ocrx_word' id='word_1_84' title='bbox 690 1437 788 1492; x_wconf 84' lang='lat' dir='ltr'>saneto</span> <span class='ocrx_word' id='word_1_85' title='bbox 807 1434 919 1494; x_wconf 81' lang='lat' dir='ltr'>docebo.</span> 
     </span>
    </p>
   </div>
   <div class='ocr_carea' id='block_1_6' title="bbox 609 1554 842 1609">
    <p class='ocr_par' dir='ltr' id='par_1_6' title="bbox 609 1554 842 1609">
     <span class='ocr_line' id='line_1_13' title="bbox 609 1554 842 1609; baseline -0.009 -1"><span class='ocrx_word' id='word_1_86' title='bbox 609 1555 652 1608; x_wconf 84' lang='lat' dir='ltr'>Ad</span> <span class='ocrx_word' id='word_1_87' title='bbox 669 1554 842 1609; x_wconf 87' lang='lat' dir='ltr'>Noctomum.</span> 
     </span>
    </p>
   </div>
   <div class='ocr_carea' id='block_1_7' title="bbox 140 1679 1277 2012">
    <p class='ocr_par' dir='ltr' id='par_1_7' title="bbox 140 1679 1277 2012">
     <span class='ocr_line' id='line_1_14' title="bbox 140 1679 1225 1756; baseline -0.004 -12"><span class='ocrx_word' id='word_1_88' title='bbox 140 1686 167 1744; x_wconf 92' lang='lat'>1.</span> <span class='ocrx_word' id='word_1_89' title='bbox 191 1683 394 1756; x_wconf 81' lang='lat' dir='ltr'>Hispaniarum</span> <span class='ocrx_word' id='word_1_90' title='bbox 418 1682 517 1754; x_wconf 82' lang='lat' dir='ltr'>gloria,</span> <span class='ocrx_word' id='word_1_91' title='bbox 752 1684 781 1741; x_wconf 82' lang='grc'>4.</span> <span class='ocrx_word' id='word_1_92' title='bbox 806 1681 875 1740; x_wconf 86' lang='lat' dir='ltr'>Com</span> <span class='ocrx_word' id='word_1_93' title='bbox 898 1679 989 1739; x_wconf 85' lang='lat' dir='ltr'>fratre</span> <span class='ocrx_word' id='word_1_94' title='bbox 1010 1688 1059 1739; x_wconf 92' lang='lat' dir='ltr'>tuo</span> <span class='ocrx_word' id='word_1_95' title='bbox 1081 1683 1225 1755; x_wconf 88' lang='lat' dir='ltr'>poscimus</span> 
     </span>
     <span class='ocr_line' id='line_1_15' title="bbox 191 1767 1277 1842; baseline -0.002 -15"><span class='ocrx_word' id='word_1_96' title='bbox 191 1769 274 1827; x_wconf 87' lang='lat' dir='ltr'>Salus</span> <span class='ocrx_word' id='word_1_97' title='bbox 296 1776 381 1842; x_wconf 89' lang='lat' dir='ltr'>atque</span> <span class='ocrx_word' id='word_1_98' title='bbox 404 1769 532 1839; x_wconf 85' lang='lat' dir='ltr'>victoria,</span> <span class='ocrx_word' id='word_1_99' title='bbox 804 1767 943 1840; x_wconf 75' lang='lat' dir='ltr'>lolianus,</span> <span class='ocrx_word' id='word_1_100' title='bbox 967 1783 1050 1840; x_wconf 89' lang='lat' dir='ltr'>quern</span> <span class='ocrx_word' id='word_1_101' title='bbox 1073 1770 1277 1841; x_wconf 71' lang='lat' dir='ltr'>cognoscimus,</span> 
     </span>
     <span class='ocr_line' id='line_1_16' title="bbox 191 1854 1187 1927; baseline -0.005 -11"><span class='ocrx_word' id='word_1_102' title='bbox 191 1854 299 1916; x_wconf 88' lang='lat' dir='ltr'>Jaoobe</span> <span class='ocrx_word' id='word_1_103' title='bbox 321 1854 493 1924; x_wconf 88' lang='lat' dir='ltr'>beatissime,</span> <span class='ocrx_word' id='word_1_104' title='bbox 805 1854 910 1911; x_wconf 88' lang='lat' dir='ltr'>Tecum</span> <span class='ocrx_word' id='word_1_105' title='bbox 933 1854 1035 1911; x_wconf 89' lang='lat' dir='ltr'>sedere</span> <span class='ocrx_word' id='word_1_106' title='bbox 1055 1855 1187 1927; x_wconf 82' lang='lat' dir='ltr'>supplica</span> 
     </span>
     <span class='ocr_line' id='line_1_17' title="bbox 192 1937 1164 2012; baseline 0.001 -14"><span class='ocrx_word' id='word_1_107' title='bbox 192 1940 251 1998; x_wconf 84' lang='lat' dir='ltr'>Nos</span> <span class='ocrx_word' id='word_1_108' title='bbox 273 1940 373 1998; x_wconf 87' lang='lat' dir='ltr'>audias</span> <span class='ocrx_word' id='word_1_109' title='bbox 395 1940 532 2012; x_wconf 86' lang='lat' dir='ltr'>piissime.</span> <span class='ocrx_word' id='word_1_110' title='bbox 805 1939 860 1995; x_wconf 85' lang='lat' dir='ltr'>Pro</span> <span class='ocrx_word' id='word_1_111' title='bbox 882 1937 963 1996; x_wconf 90' lang='lat' dir='ltr'>nobis</span> <span class='ocrx_word' id='word_1_112' title='bbox 986 1946 1013 1996; x_wconf 92' lang='lat' dir='ltr'>et</span> <span class='ocrx_word' id='word_1_113' title='bbox 1036 1938 1164 2012; x_wconf 85' lang='lat' dir='ltr'>purifica.</span> 
     </span>
    </p>
   </div>
   <div class='ocr_carea' id='block_1_8' title="bbox 138 2039 1233 2371">
    <p class='ocr_par' dir='ltr' id='par_1_8' title="bbox 138 2039 1233 2371">
     <span class='ocr_line' id='line_1_18' title="bbox 138 2039 1142 2119; baseline -0.002 -17"><span class='ocrx_word' id='word_1_114' title='bbox 138 2045 166 2102; x_wconf 91' lang='lat'>2.</span> <span class='ocrx_word' id='word_1_115' title='bbox 189 2039 296 2100; x_wconf 82' lang='lat' dir='ltr'>Confer</span> <span class='ocrx_word' id='word_1_116' title='bbox 316 2042 411 2115; x_wconf 79' lang='lat' dir='ltr'>aegris</span> <span class='ocrx_word' id='word_1_117' title='bbox 432 2041 588 2099; x_wconf 91' lang='lat' dir='ltr'>remedium</span> <span class='ocrx_word' id='word_1_118' title='bbox 752 2043 780 2099; x_wconf 84' lang='lat'>5.</span> <span class='ocrx_word' id='word_1_119' title='bbox 806 2041 948 2119; x_wconf 82' lang='lat' dir='ltr'>Apostoli,</span> <span class='ocrx_word' id='word_1_120' title='bbox 973 2043 1142 2114; x_wconf 87' lang='lat' dir='ltr'>precamini,</span> 
     </span>
     <span class='ocr_line' id='line_1_19' title="bbox 190 2126 1184 2200; baseline -0.002 -14"><span class='ocrx_word' id='word_1_121' title='bbox 190 2127 361 2200; x_wconf 86' lang='lat' dir='ltr'>Miserisque</span> <span class='ocrx_word' id='word_1_122' title='bbox 384 2127 569 2200; x_wconf 86' lang='lat' dir='ltr'>praesidium,</span> <span class='ocrx_word' id='word_1_123' title='bbox 805 2126 896 2183; x_wconf 90' lang='lat' dir='ltr'>Deum</span> <span class='ocrx_word' id='word_1_124' title='bbox 919 2142 1011 2184; x_wconf 88' lang='lat' dir='ltr'>meum</span> <span class='ocrx_word' id='word_1_125' title='bbox 1035 2127 1184 2200; x_wconf 85' lang='lat' dir='ltr'>rogamini,</span> 
     </span>
     <span class='ocr_line' id='line_1_20' title="bbox 191 2212 1233 2284; baseline 0.001 -14"><span class='ocrx_word' id='word_1_126' title='bbox 191 2213 235 2270; x_wconf 90' lang='lat' dir='ltr'>Ne</span> <span class='ocrx_word' id='word_1_127' title='bbox 258 2213 352 2270; x_wconf 89' lang='lat' dir='ltr'>valeat</span> <span class='ocrx_word' id='word_1_128' title='bbox 375 2213 535 2284; x_wconf 90' lang='lat' dir='ltr'>deprimere</span> <span class='ocrx_word' id='word_1_129' title='bbox 805 2212 858 2281; x_wconf 75' lang='lat' dir='ltr'>Qui</span> <span class='ocrx_word' id='word_1_130' title='bbox 880 2212 1026 2270; x_wconf 91' lang='lat' dir='ltr'>nobiscum</span> <span class='ocrx_word' id='word_1_131' title='bbox 1046 2213 1233 2272; x_wconf 88' lang='lat' dir='ltr'>Christicolas</span> 
     </span>
     <span class='ocr_line' id='line_1_21' title="bbox 190 2298 1228 2371; baseline 0.004 -15"><span class='ocrx_word' id='word_1_132' title='bbox 190 2299 333 2371; x_wconf 84' lang='lat' dir='ltr'>Antiquae</span> <span class='ocrx_word' id='word_1_133' title='bbox 357 2298 434 2355; x_wconf 89' lang='lat' dir='ltr'>virus</span> <span class='ocrx_word' id='word_1_134' title='bbox 461 2299 585 2370; x_wconf 87' lang='lat' dir='ltr'>viperae.</span> <span class='ocrx_word' id='word_1_135' title='bbox 814 2298 1228 2371; x_wconf 65' lang='grc' dir='ltr'>’11111111111111111111111111Ι</span> 
     </span>
    </p>
   </div>
   <div class='ocr_carea' id='block_1_9' title="bbox 139 2399 1238 2729">
    <p class='ocr_par' dir='ltr' id='par_1_9' title="bbox 139 2399 1238 2729">
     <span class='ocr_line' id='line_1_22' title="bbox 139 2399 1171 2477; baseline -0.004 -15"><span class='ocrx_word' id='word_1_136' title='bbox 139 2403 167 2462; x_wconf 81' lang='lat'>3.</span> <span class='ocrx_word' id='word_1_137' title='bbox 191 2401 304 2460; x_wconf 89' lang='lat' dir='ltr'>Mentes</span> <span class='ocrx_word' id='word_1_138' title='bbox 326 2400 374 2472; x_wconf 91' lang='lat' dir='ltr'>pie</span> <span class='ocrx_word' id='word_1_139' title='bbox 397 2399 582 2477; x_wconf 87' lang='lat' dir='ltr'>credentium,</span> <span class='ocrx_word' id='word_1_140' title='bbox 752 2402 780 2460; x_wconf 87' lang='lat' dir='ltr'>o.</span> <span class='ocrx_word' id='word_1_141' title='bbox 805 2399 886 2458; x_wconf 92' lang='lat' dir='ltr'>Unus</span> <span class='ocrx_word' id='word_1_142' title='bbox 908 2400 937 2457; x_wconf 92' lang='lat' dir='ltr'>iu</span> <span class='ocrx_word' id='word_1_143' title='bbox 960 2400 1035 2458; x_wconf 92' lang='lat' dir='ltr'>trino</span> <span class='ocrx_word' id='word_1_144' title='bbox 1057 2400 1171 2459; x_wconf 89' lang='lat' dir='ltr'>nomine</span> 
     </span>
     <span class='ocr_line' id='line_1_23' title="bbox 191 2484 1209 2563; baseline -0.002 -18"><span class='ocrx_word' id='word_1_145' title='bbox 191 2487 254 2546; x_wconf 82' lang='lat' dir='ltr'>Tua</span> <span class='ocrx_word' id='word_1_146' title='bbox 275 2485 520 2557; x_wconf 85' lang='lat' dir='ltr'>prospicientium,</span> <span class='ocrx_word' id='word_1_147' title='bbox 803 2484 882 2543; x_wconf 89' lang='lat' dir='ltr'>Deus</span> <span class='ocrx_word' id='word_1_148' title='bbox 905 2486 1053 2563; x_wconf 85' lang='lat' dir='ltr'>exsistens,</span> <span class='ocrx_word' id='word_1_149' title='bbox 1078 2486 1209 2560; x_wconf 90' lang='lat' dir='ltr'>Domine,</span> 
     </span>
     <span class='ocr_line' id='line_1_24' title="bbox 192 2569 1178 2648; baseline 0 -19"><span class='ocrx_word' id='word_1_150' title='bbox 192 2571 306 2643; x_wconf 86' lang='lat' dir='ltr'>Sancte,</span> <span class='ocrx_word' id='word_1_151' title='bbox 331 2572 435 2629; x_wconf 86' lang='lat' dir='ltr'>devota</span> <span class='ocrx_word' id='word_1_152' title='bbox 456 2570 555 2628; x_wconf 88' lang='lat' dir='ltr'>limina</span> <span class='ocrx_word' id='word_1_153' title='bbox 807 2569 852 2627; x_wconf 87' lang='lat' dir='ltr'>Da</span> <span class='ocrx_word' id='word_1_154' title='bbox 872 2570 955 2628; x_wconf 89' lang='lat' dir='ltr'>nobis</span> <span class='ocrx_word' id='word_1_155' title='bbox 978 2576 1047 2643; x_wconf 89' lang='lat' dir='ltr'>apta</span> <span class='ocrx_word' id='word_1_156' title='bbox 1070 2576 1178 2648; x_wconf 89' lang='lat' dir='ltr'>petere,</span> 
     </span>
     <span class='ocr_line' id='line_1_25' title="bbox 192 2654 1238 2729; baseline 0.004 -15"><span class='ocrx_word' id='word_1_157' title='bbox 192 2656 280 2714; x_wconf 86' lang='lat' dir='ltr'>Nulla</span> <span class='ocrx_word' id='word_1_158' title='bbox 302 2656 470 2728; x_wconf 89' lang='lat' dir='ltr'>perturbent</span> <span class='ocrx_word' id='word_1_159' title='bbox 493 2654 621 2715; x_wconf 89' lang='lat' dir='ltr'>crimina.</span> <span class='ocrx_word' id='word_1_160' title='bbox 805 2655 885 2725; x_wconf 78' lang='lat' dir='ltr'>Quae</span> <span class='ocrx_word' id='word_1_161' title='bbox 908 2663 1038 2729; x_wconf 87' lang='lat' dir='ltr'>optamus</span> <span class='ocrx_word' id='word_1_162' title='bbox 1061 2658 1090 2714; x_wconf 93' lang='lat' dir='ltr'>in</span> <span class='ocrx_word' id='word_1_163' title='bbox 1112 2657 1238 2718; x_wconf 85' lang='lat' dir='ltr'>aethere.</span> 
     </span>
    </p>
   </div>
   <div class='ocr_carea' id='block_1_10' title="bbox 138 2768 1318 3037">
    <p class='ocr_par' dir='ltr' id='par_1_10' title="bbox 138 2768 1318 3037">
     <span class='ocr_line' id='line_1_26' title="bbox 206 2768 1318 2839; baseline 0.002 -16"><span class='ocrx_word' id='word_1_164' title='bbox 206 2775 282 2824; x_wconf 88' lang='lat' dir='ltr'>Brev.</span> <span class='ocrx_word' id='word_1_165' title='bbox 305 2773 487 2823; x_wconf 84' lang='lat' dir='ltr'>Placentinum</span> <span class='ocrx_word' id='word_1_166' title='bbox 511 2775 573 2838; x_wconf 90' lang='lat' dir='ltr'>imp.</span> <span class='ocrx_word' id='word_1_167' title='bbox 595 2774 714 2823; x_wconf 84' lang='lat' dir='ltr'>Venetiis</span> <span class='ocrx_word' id='word_1_168' title='bbox 742 2768 814 2822; x_wconf 78' lang='lat'>1503.</span> <span class='ocrx_word' id='word_1_169' title='bbox 832 2773 863 2822; x_wconf 88' lang='grc' dir='ltr'>Δ.</span> <span class='ocrx_word' id='word_1_170' title='bbox 881 2800 916 2809; x_wconf 96' lang='grc'>-</span> <span class='ocrx_word' id='word_1_171' title='bbox 934 2774 1010 2823; x_wconf 82' lang='lat' dir='ltr'>Brev.</span> <span class='ocrx_word' id='word_1_172' title='bbox 1028 2774 1236 2825; x_wconf 69' lang='lat' dir='ltr'>salmanticense</span> <span class='ocrx_word' id='word_1_173' title='bbox 1255 2778 1318 2839; x_wconf 85' lang='lat' dir='ltr'>imp.</span> 
     </span>
     <span class='ocr_line' id='line_1_27' title="bbox 138 2839 1318 2907; baseline 0.003 -17"><span class='ocrx_word' id='word_1_174' title='bbox 138 2841 316 2892; x_wconf 81' lang='lat' dir='ltr'>Salmanticae</span> <span class='ocrx_word' id='word_1_175' title='bbox 337 2839 408 2890; x_wconf 88' lang='grc'><strong>1541.</strong></span> <span class='ocrx_word' id='word_1_176' title='bbox 429 2842 456 2890; x_wconf 86' lang='lat' dir='ltr'>B.</span> <span class='ocrx_word' id='word_1_177' title='bbox 477 2867 508 2875; x_wconf 89' lang='lat'>—</span> <span class='ocrx_word' id='word_1_178' title='bbox 527 2839 556 2900; x_wconf 82' lang='lat'>2,</span> <span class='ocrx_word' id='word_1_179' title='bbox 577 2839 589 2890; x_wconf 94' lang='grc'>1</span> <span class='ocrx_word' id='word_1_180' title='bbox 609 2841 704 2891; x_wconf 88' lang='lat' dir='ltr'>Confer</span> <span class='ocrx_word' id='word_1_181' title='bbox 723 2842 791 2907; x_wconf 83' lang='lat' dir='ltr'>ignis</span> <span class='ocrx_word' id='word_1_182' title='bbox 812 2841 953 2890; x_wconf 85' lang='lat' dir='ltr'>remedium</span> <span class='ocrx_word' id='word_1_183' title='bbox 973 2845 1001 2892; x_wconf 83' lang='grc'>11.</span> <span class='ocrx_word' id='word_1_184' title='bbox 1021 2872 1053 2879; x_wconf 80' lang='lat'>-</span> <span class='ocrx_word' id='word_1_185' title='bbox 1069 2840 1094 2899; x_wconf 81' lang='lat'>2,</span> <span class='ocrx_word' id='word_1_186' title='bbox 1112 2840 1129 2891; x_wconf 85' lang='grc'><strong>4</strong></span> <span class='ocrx_word' id='word_1_187' title='bbox 1147 2845 1230 2893; x_wconf 79' lang='lat' dir='ltr'>Fraus</span> <span class='ocrx_word' id='word_1_188' title='bbox 1248 2848 1318 2894; x_wconf 87' lang='lat' dir='ltr'>anti·</span> 
     </span>
     <span class='ocr_line' id='line_1_28' title="bbox 138 2906 1318 2976; baseline 0.004 -19"><span class='ocrx_word' id='word_1_189' title='bbox 138 2925 206 2974; x_wconf 77' lang='lat' dir='ltr'>quiae</span> <span class='ocrx_word' id='word_1_190' title='bbox 231 2912 338 2975; x_wconf 86' lang='lat' dir='ltr'>viperae</span> <span class='ocrx_word' id='word_1_191' title='bbox 361 2911 396 2969; x_wconf 80' lang='grc' dir='ltr'>Α;</span> <span class='ocrx_word' id='word_1_192' title='bbox 421 2909 533 2959; x_wconf 79' lang='lat' dir='ltr'>Fraudis</span> <span class='ocrx_word' id='word_1_193' title='bbox 555 2908 629 2960; x_wconf 81' lang='lat' dir='ltr'>virus</span> <span class='ocrx_word' id='word_1_194' title='bbox 653 2912 760 2975; x_wconf 85' lang='lat' dir='ltr'>viperae</span> <span class='ocrx_word' id='word_1_195' title='bbox 778 2912 808 2960; x_wconf 87' lang='lat' dir='ltr'>B.</span> <span class='ocrx_word' id='word_1_196' title='bbox 827 2935 859 2943; x_wconf 96' lang='lat'>-</span> <span class='ocrx_word' id='word_1_197' title='bbox 883 2906 911 2971; x_wconf 82' lang='grc'>4,</span> <span class='ocrx_word' id='word_1_198' title='bbox 935 2907 1047 2962; x_wconf 77' lang='grc'><strong>41111111</strong></span> <span class='ocrx_word' id='word_1_199' title='bbox 1064 2918 1091 2962; x_wconf 84' lang='lat' dir='ltr'>et</span> <span class='ocrx_word' id='word_1_200' title='bbox 1108 2912 1222 2976; x_wconf 82' lang='lat' dir='ltr'>preifiea.</span> <span class='ocrx_word' id='word_1_201' title='bbox 1240 2914 1271 2962; x_wconf 90' lang='lat' dir='ltr'>B.</span> <span class='ocrx_word' id='word_1_202' title='bbox 1285 2942 1318 2951; x_wconf 86' lang='lat'><em>-</em></span> 
     </span>
     <span class='ocr_line' id='line_1_29' title="bbox 138 2975 485 3037; baseline -0.006 -9"><span class='ocrx_word' id='word_1_203' title='bbox 138 2978 161 3037; x_wconf 83' lang='grc' dir='ltr'>ὅ,</span> <span class='ocrx_word' id='word_1_204' title='bbox 183 2975 195 3027; x_wconf 98' lang='grc'>1</span> <span class='ocrx_word' id='word_1_205' title='bbox 215 2980 303 3029; x_wconf 91' lang='lat' dir='ltr'>Unum</span> <span class='ocrx_word' id='word_1_206' title='bbox 322 2980 350 3028; x_wconf 91' lang='lat' dir='ltr'>in</span> <span class='ocrx_word' id='word_1_207' title='bbox 367 2978 437 3027; x_wconf 89' lang='lat' dir='ltr'>trino</span> <span class='ocrx_word' id='word_1_208' title='bbox 455 2979 485 3027; x_wconf 91' lang='lat' dir='ltr'>B.</span> 
     </span>
    </p>
   </div>
   <div class='ocr_carea' id='block_1_11' title="bbox 540 3144 920 3203">
    <p class='ocr_par' dir='ltr' id='par_1_11' title="bbox 540 3144 920 3203">
     <span class='ocr_line' id='line_1_30' title="bbox 540 3144 920 3203; baseline -0.003 -1"><span class='ocrx_word' id='word_1_209' title='bbox 540 3145 601 3202; x_wconf 72' lang='lat'>285.</span> <span class='ocrx_word' id='word_1_210' title='bbox 635 3144 674 3201; x_wconf 85' lang='lat' dir='ltr'>llo</span> <span class='ocrx_word' id='word_1_211' title='bbox 693 3146 789 3203; x_wconf 89' lang='lat' dir='ltr'>saneto</span> <span class='ocrx_word' id='word_1_212' title='bbox 809 3144 920 3203; x_wconf 79' lang='lat' dir='ltr'>tacebo.</span> 
     </span>
    </p>
   </div>
   <div class='ocr_carea' id='block_1_12' title="bbox 608 3267 841 3323">
    <p class='ocr_par' dir='ltr' id='par_1_12' title="bbox 608 3267 841 3323">
     <span class='ocr_line' id='line_1_31' title="bbox 608 3267 841 3323; baseline 0 -2"><span class='ocrx_word' id='word_1_213' title='bbox 608 3267 651 3321; x_wconf 83' lang='lat' dir='ltr'>Ad</span> <span class='ocrx_word' id='word_1_214' title='bbox 668 3267 841 3323; x_wconf 84' lang='lat' dir='ltr'>Nocturnum.</span> 
     </span>
    </p>
   </div>
   <div class='ocr_carea' id='block_1_13' title="bbox 141 3390 1213 3720">
    <p class='ocr_par' dir='ltr' id='par_1_13' title="bbox 141 3390 1213 3720">
     <span class='ocr_line' id='line_1_32' title="bbox 141 3390 1145 3467; baseline -0.002 -15"><span class='ocrx_word' id='word_1_215' title='bbox 141 3394 169 3452; x_wconf 90' lang='lat'>1.</span> <span class='ocrx_word' id='word_1_216' title='bbox 191 3392 310 3462; x_wconf 83' lang='lat' dir='ltr'>Jacobs,</span> <span class='ocrx_word' id='word_1_217' title='bbox 335 3392 438 3452; x_wconf 90' lang='lat' dir='ltr'>ductor</span> <span class='ocrx_word' id='word_1_218' title='bbox 458 3392 567 3467; x_wconf 86' lang='lat' dir='ltr'>inclite,</span> <span class='ocrx_word' id='word_1_219' title='bbox 757 3396 784 3454; x_wconf 81' lang='lat'>3.</span> <span class='ocrx_word' id='word_1_220' title='bbox 809 3392 896 3466; x_wconf 87' lang='lat' dir='ltr'>Signa</span> <span class='ocrx_word' id='word_1_221' title='bbox 914 3392 1055 3465; x_wconf 85' lang='lat' dir='ltr'>surgentis</span> <span class='ocrx_word' id='word_1_222' title='bbox 1077 3390 1145 3450; x_wconf 88' lang='lat' dir='ltr'>fidei</span> 
     </span>
     <span class='ocr_line' id='line_1_33' title="bbox 191 3478 1140 3551; baseline -0.001 -16"><span class='ocrx_word' id='word_1_223' title='bbox 191 3479 315 3551; x_wconf 87' lang='lat' dir='ltr'>Hispani</span> <span class='ocrx_word' id='word_1_224' title='bbox 338 3484 434 3536; x_wconf 88' lang='lat' dir='ltr'>rector</span> <span class='ocrx_word' id='word_1_225' title='bbox 456 3479 587 3546; x_wconf 89' lang='lat' dir='ltr'>climatis,</span> <span class='ocrx_word' id='word_1_226' title='bbox 808 3478 901 3537; x_wconf 87' lang='lat' dir='ltr'>Iberis</span> <span class='ocrx_word' id='word_1_227' title='bbox 922 3479 1021 3535; x_wconf 89' lang='lat' dir='ltr'>vivens</span> <span class='ocrx_word' id='word_1_228' title='bbox 1043 3478 1140 3535; x_wconf 92' lang='lat' dir='ltr'>intulit</span> 
     </span>
     <span class='ocr_line' id='line_1_34' title="bbox 193 3563 1185 3637; baseline -0.002 -15"><span class='ocrx_word' id='word_1_229' title='bbox 193 3564 278 3622; x_wconf 88' lang='lat' dir='ltr'>Clare</span> <span class='ocrx_word' id='word_1_230' title='bbox 300 3570 421 3636; x_wconf 87' lang='lat' dir='ltr'>patrone</span> <span class='ocrx_word' id='word_1_231' title='bbox 443 3563 563 3637; x_wconf 85' lang='lat' dir='ltr'>patriae,</span> <span class='ocrx_word' id='word_1_232' title='bbox 806 3564 847 3623; x_wconf 84' lang='lat' dir='ltr'>Et</span> <span class='ocrx_word' id='word_1_233' title='bbox 867 3564 1025 3622; x_wconf 86' lang='lat' dir='ltr'>laureatum</span> <span class='ocrx_word' id='word_1_234' title='bbox 1048 3564 1185 3635; x_wconf 86' lang='lat' dir='ltr'>sanguine</span> 
     </span>
     <span class='ocr_line' id='line_1_35' title="bbox 193 3648 1213 3720; baseline 0.002 -13"><span class='ocrx_word' id='word_1_235' title='bbox 193 3649 337 3707; x_wconf 88' lang='lat' dir='ltr'>Summum</span> <span class='ocrx_word' id='word_1_236' title='bbox 362 3650 449 3708; x_wconf 88' lang='lat' dir='ltr'>decus</span> <span class='ocrx_word' id='word_1_237' title='bbox 471 3649 594 3707; x_wconf 87' lang='lat' dir='ltr'>iberiae.</span> <span class='ocrx_word' id='word_1_238' title='bbox 807 3648 925 3707; x_wconf 86' lang='lat' dir='ltr'>Eisdem</span> <span class='ocrx_word' id='word_1_239' title='bbox 949 3664 1053 3720; x_wconf 89' lang='lat' dir='ltr'>eorpus</span> <span class='ocrx_word' id='word_1_240' title='bbox 1075 3649 1213 3709; x_wconf 90' lang='lat' dir='ltr'>reddidit.</span> 
     </span>
    </p>
   </div>
   <div class='ocr_carea' id='block_1_14' title="bbox 139 3750 1274 4081">
    <p class='ocr_par' dir='ltr' id='par_1_14' title="bbox 139 3750 1274 4081">
     <span class='ocr_line' id='line_1_36' title="bbox 139 3750 1274 3826; baseline 0 -15"><span class='ocrx_word' id='word_1_241' title='bbox 139 3754 168 3815; x_wconf 85' lang='lat'>2.</span> <span class='ocrx_word' id='word_1_242' title='bbox 191 3751 278 3824; x_wconf 81' lang='lat' dir='ltr'>Cttjus</span> <span class='ocrx_word' id='word_1_243' title='bbox 301 3752 392 3810; x_wconf 88' lang='lat' dir='ltr'>beatis</span> <span class='ocrx_word' id='word_1_244' title='bbox 414 3752 504 3809; x_wconf 89' lang='lat' dir='ltr'>oculis</span> <span class='ocrx_word' id='word_1_245' title='bbox 754 3756 784 3814; x_wconf 85' lang='lat'>4.</span> <span class='ocrx_word' id='word_1_246' title='bbox 807 3751 924 3810; x_wconf 82' lang='lat' dir='ltr'>l‘lebem</span> <span class='ocrx_word' id='word_1_247' title='bbox 947 3750 1125 3808; x_wconf 86' lang='lat' dir='ltr'>commissam</span> <span class='ocrx_word' id='word_1_248' title='bbox 1148 3758 1274 3826; x_wconf 87' lang='lat' dir='ltr'>protege,</span> 
     </span>
     <span class='ocr_line' id='line_1_37' title="bbox 190 3836 1258 3913; baseline 0 -17"><span class='ocrx_word' id='word_1_249' title='bbox 190 3837 316 3910; x_wconf 90' lang='lat' dir='ltr'>Fulgons</span> <span class='ocrx_word' id='word_1_250' title='bbox 340 3837 470 3895; x_wconf 82' lang='lat' dir='ltr'>Christus</span> <span class='ocrx_word' id='word_1_251' title='bbox 492 3838 637 3909; x_wconf 83' lang='lat' dir='ltr'>apparuit,</span> <span class='ocrx_word' id='word_1_252' title='bbox 809 3837 947 3913; x_wconf 84' lang='lat' dir='ltr'>Stantem,</span> <span class='ocrx_word' id='word_1_253' title='bbox 969 3852 1005 3893; x_wconf 93' lang='lat' dir='ltr'>no</span> <span class='ocrx_word' id='word_1_254' title='bbox 1027 3836 1121 3906; x_wconf 88' lang='lat' dir='ltr'>cadat,</span> <span class='ocrx_word' id='word_1_255' title='bbox 1146 3836 1258 3910; x_wconf 84' lang='lat' dir='ltr'>robora,</span> 
     </span>
     <span class='ocr_line' id='line_1_38' title="bbox 192 3919 1198 3995; baseline -0.001 -14"><span class='ocrx_word' id='word_1_256' title='bbox 192 3922 277 3981; x_wconf 85' lang='lat' dir='ltr'>Suam</span> <span class='ocrx_word' id='word_1_257' title='bbox 300 3922 423 3981; x_wconf 84' lang='lat' dir='ltr'>viventis</span> <span class='ocrx_word' id='word_1_258' title='bbox 444 3923 563 3995; x_wconf 79' lang='lat' dir='ltr'>gloriam</span> <span class='ocrx_word' id='word_1_259' title='bbox 807 3921 896 3979; x_wconf 86' lang='lat' dir='ltr'>Nulla</span> <span class='ocrx_word' id='word_1_260' title='bbox 920 3919 1054 3978; x_wconf 83' lang='lat' dir='ltr'>lomridet</span> <span class='ocrx_word' id='word_1_261' title='bbox 1076 3921 1198 3980; x_wconf 89' lang='lat' dir='ltr'>hostium</span> 
     </span>
     <span class='ocr_line' id='line_1_39' title="bbox 192 4006 1196 4081; baseline -0.002 -15"><span class='ocrx_word' id='word_1_262' title='bbox 192 4008 299 4067; x_wconf 89' lang='lat' dir='ltr'>Videre</span> <span class='ocrx_word' id='word_1_263' title='bbox 321 4008 369 4080; x_wconf 88' lang='lat' dir='ltr'>qui</span> <span class='ocrx_word' id='word_1_264' title='bbox 391 4015 420 4064; x_wconf 91' lang='lat' dir='ltr'>to</span> <span class='ocrx_word' id='word_1_265' title='bbox 442 4009 540 4068; x_wconf 86' lang='lat' dir='ltr'>voluit.</span> <span class='ocrx_word' id='word_1_266' title='bbox 805 4008 896 4064; x_wconf 84' lang='lat' dir='ltr'>Arma</span> <span class='ocrx_word' id='word_1_267' title='bbox 917 4006 970 4064; x_wconf 90' lang='lat' dir='ltr'>sub</span> <span class='ocrx_word' id='word_1_268' title='bbox 994 4013 1042 4064; x_wconf 90' lang='lat' dir='ltr'>tuo</span> <span class='ocrx_word' id='word_1_269' title='bbox 1064 4009 1196 4081; x_wconf 86' lang='lat' dir='ltr'>tegmine.</span> 
     </span>
    </p>
   </div>
   <div class='ocr_carea' id='block_1_15' title="bbox 497 4109 958 4425">
    <p class='ocr_par' dir='ltr' id='par_1_15' title="bbox 497 4109 958 4425">
     <span class='ocr_line' id='line_1_40' title="bbox 497 4109 958 4183; baseline -0.013 -12"><span class='ocrx_word' id='word_1_270' title='bbox 497 4116 525 4171; x_wconf 85' lang='lat'>5.</span> <span class='ocrx_word' id='word_1_271' title='bbox 546 4110 589 4169; x_wconf 89' lang='lat' dir='ltr'>Sit</span> <span class='ocrx_word' id='word_1_272' title='bbox 611 4110 673 4169; x_wconf 89' lang='lat' dir='ltr'>laus</span> <span class='ocrx_word' id='word_1_273' title='bbox 695 4114 815 4183; x_wconf 88' lang='lat' dir='ltr'>paterno</span> <span class='ocrx_word' id='word_1_274' title='bbox 841 4109 958 4183; x_wconf 90' lang='lat' dir='ltr'>numini,</span> 
     </span>
     <span class='ocr_line' id='line_1_41' title="bbox 549 4195 909 4265; baseline -0.006 -11"><span class='ocrx_word' id='word_1_275' title='bbox 549 4196 594 4254; x_wconf 91' lang='lat' dir='ltr'>Sit</span> <span class='ocrx_word' id='word_1_276' title='bbox 614 4201 682 4254; x_wconf 88' lang='lat' dir='ltr'>nato</span> <span class='ocrx_word' id='word_1_277' title='bbox 706 4196 792 4254; x_wconf 89' lang='lat' dir='ltr'>decus</span> <span class='ocrx_word' id='word_1_278' title='bbox 817 4195 909 4265; x_wconf 82' lang='lat' dir='ltr'>unico,</span> 
     </span>
     <span class='ocr_line' id='line_1_42' title="bbox 550 4278 939 4340; baseline -0.01 0"><span class='ocrx_word' id='word_1_279' title='bbox 550 4281 638 4340; x_wconf 86' lang='lat' dir='ltr'>Sacro</span> <span class='ocrx_word' id='word_1_280' title='bbox 660 4281 699 4339; x_wconf 91' lang='lat' dir='ltr'>sit</span> <span class='ocrx_word' id='word_1_281' title='bbox 720 4281 811 4338; x_wconf 92' lang='lat' dir='ltr'>honor</span> <span class='ocrx_word' id='word_1_282' title='bbox 832 4278 939 4338; x_wconf 90' lang='lat' dir='ltr'>flamini</span> 
     </span>
     <span class='ocr_line' id='line_1_43' title="bbox 550 4367 934 4425; baseline 0 0"><span class='ocrx_word' id='word_1_283' title='bbox 550 4367 583 4425; x_wconf 91' lang='lat' dir='ltr'>In</span> <span class='ocrx_word' id='word_1_284' title='bbox 605 4367 749 4425; x_wconf 85' lang='lat' dir='ltr'>saeculum</span> <span class='ocrx_word' id='word_1_285' title='bbox 772 4383 789 4424; x_wconf 89' lang='lat' dir='ltr'>a</span> <span class='ocrx_word' id='word_1_286' title='bbox 810 4367 934 4425; x_wconf 88' lang='lat' dir='ltr'>saeculo.</span> 
     </span>
    </p>
   </div>
   <div class='ocr_carea' id='block_1_16' title="bbox 207 4480 804 4549">
    <p class='ocr_par' dir='ltr' id='par_1_16' title="bbox 207 4480 804 4549">
     <span class='ocr_line' id='line_1_44' title="bbox 207 4480 804 4549; baseline 0.002 -15"><span class='ocrx_word' id='word_1_287' title='bbox 207 4485 282 4535; x_wconf 87' lang='lat' dir='ltr'>Brev.</span> <span class='ocrx_word' id='word_1_288' title='bbox 301 4484 434 4535; x_wconf 81' lang='lat' dir='ltr'>Abuleuse</span> <span class='ocrx_word' id='word_1_289' title='bbox 452 4484 513 4549; x_wconf 91' lang='lat' dir='ltr'>imp.</span> <span class='ocrx_word' id='word_1_290' title='bbox 533 4481 710 4533; x_wconf 82' lang='lat' dir='ltr'>Salmanticae</span> <span class='ocrx_word' id='word_1_291' title='bbox 729 4480 804 4535; x_wconf 80' lang='lat'>1551.</span> 
     </span>
    </p>
   </div>
   <div class='ocr_carea' id='block_1_17' title="bbox 0 0 1464 4868">
    <p class='ocr_par' dir='ltr' id='par_1_17' title="bbox 0 0 1464 4868">
     <span class='ocr_line' id='line_1_45' title="bbox 0 0 1464 4868; baseline 0 0"><span class='ocrx_word' id='word_1_292' title='bbox 0 0 1464 4868; x_wconf 95' lang='lat' dir='ltr'> </span> 
     </span>
    </p>
   </div>
  </div>
 </body>
</html>
