2918 4868
617 338 658 350 -
701 302 850 368 203-

662 537 801 613 liniatoin.

167 665 273 719 Forsa
292 663 472 718 Lectionis
491 661 528 714 de
546 661 654 716 Missa
671 661 783 715 sancti
801 659 937 724 Jacobi,
956 676 972 714 a
990 660 1108 715 domno
1126 660 1296 723 Fulberto‚

353 748 552 802 Carnotensi
572 747 745 816 episcopo,
764 745 893 800 illustri
911 747 995 812 viro,
1013 746 1111 801 edita.

231 894 336 952 Lector·
358 897 383 950 et
404 888 516 950 Cantor
537 889 627 948 simoi
643 889 785 963 jubiter:

553 1027 706 1087 Cantemus
727 1027 850 1087 Domino

596 1115 709 1173 cantica
731 1113 848 1188 gloriae,

552 1199 634 1258 Beati
659 1199 761 1259 Jaoobi

594 1285 666 1343 tneo
689 1283 763 1343 testo
785 1283 872 1343 hodie

551 1372 685 1432 colentes
707 1371 842 1443 praemiis

595 1456 719 1514 ooelioao
741 1455 862 1529 gratioe.

552 1609 593 1668 Ut
612 1623 749 1682 prensens
770 1607 857 1666 leotio

592 1694 691 1754 divino
714 1691 821 1772 doonit,

551 1779 676 1839 Herodis
697 1779 824 1854 gladium

593 1866 716 1938 oompoti
738 1865 838 1937 voluit,

551 1951 627 2009 Hine
647 1952 757 2009 ooeinm
771 1949 897 2009 taoobus

592 2036 705 2110 ingredi
729 2037 842 2097 meruit.

227 2159 350 2218 Lector:
373 2157 472 2216 Lectio
493 2155 564 2216 libri
587 2156 800 2215 ecclesiastieae
823 2154 970 2226 historiae,
992 2154 1022 2212 in
1045 2171 1101 2228 qna

548 2273 650 2335 Jaoobi
672 2272 768 2334 lueida

591 2366 746 2420 narrantur

634 2450 756 2506 ovanter
776 2444 895 2520 proelio,

548 2532 593 2590 De
614 2531 732 2590 Hsmde
753 2530 887 2607 superbo,

590 2632 674 2691 quom
695 2617 759 2690 ipso
779 2614 976 2688 triumphavit,

549 2702 672 2764 Pulchre
694 2702 785 2760 minos
805 2701 884 2759 illins

592 2788 736 2861 porimens
759 2787 931 2848 teterrimas.

139 2912 240 2983 Misit,
277 2912 384 2987 inquit,
418 2911 549 2970 Herodes
583 2925 634 2968 rex
666 2925 767 2968 monus
796 2925 879 2981 suas,
912 2914 946 2967 nt
973 2907 1114 2983 affligeret
1143 2910 1254 2983 oiiqnos
1283 2911 1320 2969 de

143 2999 276 3074 ecclesia,
300 3005 326 3055 et
352 2995 497 3056 interfecit
518 2994 666 3068 Jambnm,
694 2991 812 3053 tratrem
834 2994 983 3069 iohannis,
1006 2996 1112 3069 gladio.

226 3118 352 3178 Cantor:
547 3115 782 3176 trondemni
805 3118 947 3175 cumulum

547 3200 696 3279 iacobum,
719 3201 775 3261 Dei
795 3199 941 3275 somnium,

547 3288 625 3346 Vero
646 3287 796 3346 docentem
817 3288 964 3361 populum,

550 3373 714 3432 Deoollavit
732 3374 902 3448 apostolum.

226 3493 352 3553 Lector:
387 3493 432 3551 De
465 3493 520 3551 hoo
552 3499 646 3551 summ
679 3491 790 3554 Jaoobo
823 3491 954 3552 Clemens
984 3493 1200 3552 Alexandrinus
1233 3495 1318 3554 etiam

141 3579 288 3638 historiam
325 3578 439 3651 dignam
472 3577 608 3637 memoria
639 3578 669 3636 in
699 3579 821 3652 septimo
851 3578 1069 3652 dispositionum
1099 3595 1213 3638 suornm
1243 3580 1318 3640 libro

139 3663 250 3737 scribit,

227 3766 358 3828 Cantor:
381 3767 420 3826 Et
442 3767 472 3825 in
494 3766 631 3826 momoria
652 3771 751 3826 oetern
772 3767 829 3825 erit
847 3767 952 3839 justus,

226 3853 348 3913 Lector:
379 3853 523 3912 Periotam
546 3852 583 3911 od
606 3868 638 3910 so
658 3868 749 3925 nsque
769 3867 805 3910 ex
827 3852 982 3912 traditione
1001 3853 1149 3924 majorum.

227 3936 340 3998 Cantor
347 3954 358 3997 .·
378 3938 418 3999 Ut
441 3943 594 4012 eognosoat
615 3937 761 4011 genoratio
783 3937 884 4000 alters.

224 4023 349 4083 Lector:
378 4023 515 4096 Quoniam
538 4023 671 4102 quidem,
692 4022 805 4097 inquit,
829 4029 858 4082 et
879 4023 922 4097 is,
945 4023 993 4097 qni
1015 4024 1160 4084 obtnlemt
1180 4024 1319 4084 iacobum

134 4110 226 4181 jndioi
248 4109 287 4168 ad
310 4109 487 4181 martyrium,
510 4113 603 4167 motus
626 4108 812 4182 poenitentia,

225 4227 352 4286 Cantor:
549 4229 619 4288 Viso
641 4229 749 4301 aegroti
771 4229 909 4288 miraculo

546 4315 642 4374 Josias
664 4315 791 4375 extraxit
813 4313 909 4374 funem

546 4400 591 4458 Da
612 4401 686 4458 cotio
707 4401 841 4475 apostoli.
