2918 4868
596 292 825 358 -277-

123 469 151 526 5.
176 465 376 540 Bapliaabant,
399 466 447 539 qui
470 466 636 540 eredebant,
741 468 769 527 7.
791 465 837 524 Er
858 471 979 539 utraque
1000 465 1084 539 nigra
1104 467 1201 526 cordis

217 553 357 611 trinitatis
377 551 480 628 gratia,
834 551 981 610 caecitatis
1003 550 1109 609 nebula

177 638 381 714 Resolvebant‚
405 654 475 710 quos
497 635 643 707 lavabant,
792 636 881 696 Verbi
902 636 958 695 Dei
980 636 1120 696 incarnati

219 729 401 797 peecatorum
425 722 548 797 vincula,
835 721 965 795 negando
986 722 1124 795 mysteria

176 810 264 869 Jnssn
285 814 418 881 tactuque
434 806 618 881 expellebant
790 806 955 865 Innocentis
976 807 1049 866 ritas
1070 807 1163 880 gentis

219 895 305 953 saluti
326 894 482 954 contraria,
833 892 948 951 deridet
971 893 1097 952 vesania.

126 1013 351 1074 araneorum
373 1011 548 1086 perfidorum
739 1013 768 1071 8.
792 1012 964 1085 Sepulturae
987 1013 1053 1085 qnia
1077 1013 1180 1087 dignae

222 1099 330 1157 exarsit.
351 1098 461 1158 invidia
833 1097 936 1156 meruit
958 1097 1104 1170 obsequia,

180 1185 274 1245 Stulta
295 1184 389 1257 nimis,
413 1200 503 1242 novae
525 1183 595 1256 legis
792 1181 924 1241 Gloriose
946 1182 1008 1255 tibi,
1032 1183 1156 1256 Christe,

221 1287 276 1328 non
300 1270 420 1327 eradens
443 1269 595 1343 magnalia,
838 1274 935 1342 grates
955 1268 1061 1327 reddat
1080 1269 1186 1343 hlbna,

180 1354 326 1415 ldolatrae
349 1357 442 1429 gentis
464 1354 567 1413 turbae
797 1354 849 1415 Cui
871 1355 933 1413 lans
955 1359 985 1412 et
1005 1360 1133 1428 potestus

222 1439 300 1500 saeta
322 1448 364 1500 ast
389 1441 529 1504 consocia.
839 1455 893 1512 per
913 1445 1031 1499 aeterna
1052 1441 1175 1501 saecula
1194 1490 1196 1493 ,

126 1627 142 1677 d
174 1561 271 1678 ¹iffa
289 1560 422 1610 Abnlenae
446 1561 507 1625 imp.
527 1558 720 1609 Salamautioaa
746 1556 819 1609 1551.
842 1583 873 1592 -
902 1556 929 1621 1,
954 1557 1088 1610 ilandat
1108 1590 1139 1597 —
1157 1557 1188 1626 8,
1211 1558 1304 1612 diuus

145 1645 205 1678 retur
236 1646 271 1694 ag.

365 1810 428 1868 lau.
462 1809 501 1867 lle
518 1823 554 1867 ss.
573 1805 730 1878 Vinoontio,
748 1805 853 1865 Sabina
870 1809 900 1865 et
918 1807 1068 1866 christeta.

599 1929 641 1985 nd
659 1929 832 1984 Nocturnum.

133 2061 160 2119 1.
184 2059 312 2118 Daciano
332 2059 494 2118 trnonlanto
746 2059 776 2117 3.
800 2055 966 2115 Vincentius
987 2061 1017 2113 et
1039 2055 1146 2117 Sabina

227 2146 296 2204 data
317 2151 384 2203 sunt
402 2144 533 2218 imparia,
840 2141 995 2200 trahuntur
1016 2147 1043 2199 at
1067 2141 1212 2201 christeta

186 2230 321 2288 Cruciare
343 2236 372 2288 et
392 2236 529 2301 mactare,
799 2226 839 2284 Et
860 2226 972 2300 equulei
995 2232 1159 2286 constanter

232 2332 302 2388 quos
322 2322 402 2373 tenet
423 2315 572 2388 Hispania,
841 2312 1036 2371 conscendunt
1056 2312 1220 2387 suspendia,

187 2399 374 2473 Christianos,
396 2401 451 2460 Dei
473 2407 597 2472 moetos,
803 2397 952 2456 Verberati
974 2404 1003 2457 et
1025 2399 1149 2458 oontorli

233 2486 341 2544 erudeli
366 2486 490 2546 vesania.
841 2483 1031 2543 Contemnunt
1052 2483 1203 2558 supplicia.

135 2609 163 2666 2.
187 2605 373 2665 Diversarum
395 2610 599 2663 tormentorum
745 2604 776 2663 4.
799 2602 966 2662 Glorianter
988 2610 1017 2662 at
1038 2605 1181 2665 laetanter

228 2692 435 2766 conquiruntur
456 2706 570 2764 genera,
841 2695 999 2762 sequuntur
1021 2691 1141 2765 vestigia

187 2777 265 2846 Quae
287 2778 428 2836 ministris
449 2776 486 2835 ab
510 2776 614 2849 iniquis
800 2773 907 2833 Christi
929 2777 973 2833 sni
992 2774 1130 2852 orneifixi,

228 2880 292 2921 mox
315 2863 431 2921 adstant
453 2861 619 2935 composita,
843 2861 910 2919 dum
933 2859 1031 2920 femnt
1050 2863 1198 2935 martyria,

187 2949 342 3007 Christiani
367 2947 406 3007 ad
429 2948 500 3005 haee
521 2963 623 3021 magna
800 2945 856 3003 Pro
878 2947 1000 3005 terranis
1022 2949 1158 3020 perituris

230 3041 348 3092 currant
371 3051 434 3091 cnm
454 3033 576 3092 laetitia.
844 3037 1018 3092 commutant
1040 3034 1183 3094 eoelestia

466 3156 493 3214 5.
517 3152 606 3213 Laris
626 3152 712 3226 liguis
734 3161 802 3210 tuno
824 3152 982 3224 conjunctis

561 3237 759 3310 exprimuntur
781 3235 909 3308 cerebra,

518 3323 620 3397 Sioqna
645 3323 721 3381 vitae
744 3322 811 3381 dato
832 3320 889 3380 line

564 3415 671 3467 exuunt
693 3408 835 3485 mortalia,

517 3494 575 3554 Sed
596 3495 649 3553 hos
670 3493 793 3553 ooeliens
816 3498 971 3552 conventus

559 3579 681 3653 suscipit
702 3580 730 3638 in
753 3579 854 3652 gloria.

206 3702 280 3750 Bran.
299 3701 432 3751 Alrulenae
451 3702 512 3764 imp.
531 3697 726 3748 salamantinae
745 3694 818 3747 1551.
841 3726 873 3732 —
891 3693 921 3757 5,
951 3694 963 3746 1
982 3698 1043 3748 Lies
1062 3698 1140 3748 Saxis
1158 3698 1255 3763 lignis?
1277 3725 1311 3736 -·-

134 3770 190 3818 Der
208 3770 328 3834 Hymnus
349 3770 450 3819 auden
467 3767 571 3818 Laudes
589 3768 625 3816 iat
643 3766 675 3816 de
689 3765 836 3817 Communi.

509 3984 570 4042 lau.
606 3982 645 4042 lle
663 3986 760 4041 saneto
778 3981 938 4042 Volusiano.

138 4130 166 4191 1.
190 4130 222 4188 ln
246 4128 381 4200 martyris
400 4128 537 4186 solemnio
751 4129 781 4187 2.
803 4127 928 4186 Plandat
949 4127 1086 4188 Fauentia
1108 4128 1206 4187 ooneio

191 4215 335 4272 Canonioa
357 4212 497 4287 professio
804 4213 844 4271 Et
865 4218 926 4270 tota
947 4215 985 4272 sit
1006 4215 1034 4272 iu
1057 4214 1171 4288 gaudio,

191 4299 294 4371 Dignis
316 4299 439 4357 exsultet
461 4298 579 4358 vocibus
804 4299 882 4370 Quae
903 4299 942 4357 ad
964 4300 1064 4359 salutis
1087 4301 1227 4359 cumulum

192 4384 289 4443 Sacris
310 4385 471 4443 adhaerens
493 4385 630 4443 moribus.
806 4384 913 4457 Pignus
938 4384 1025 4444 hahet
1046 4402 1081 4444 ao
1101 4385 1239 4443 tumulum
