2918 4868
598 239 831 304 -129-

246 422 283 479 In
308 422 336 481 3.
360 418 566 478 Nocturno.
889 416 930 474 In
953 413 1156 472 Laudibus.

319 536 359 585 td
377 535 495 586 Cantica.
933 531 1111 598 Antiplrouae.

123 645 159 703 A.
184 643 269 701 Almo
289 639 436 699 confessor
458 640 582 713 Domini,
752 636 780 698 1.
802 638 922 695 Aeterni
945 653 1063 710 magnus
1086 636 1226 694 Dominus

230 728 344 800 praesul
367 727 441 799 regis
464 725 583 797 aeterni,
803 721 895 795 Regni
919 724 1022 781 decore
1045 721 1194 793 praeditus

188 813 340 883 lndalaeti,
365 828 481 870 consors
503 817 674 884 sauctorum,
803 806 863 864 Nos
885 806 986 866 induat
1009 806 1173 877 vit'tutibu8‚

231 898 355 956 concivis
379 898 553 968 coelestium,
803 891 871 964 Quis
894 890 975 950 fulsit
996 891 1166 952 Indoletius.

187 983 301 1042 Exaudi
325 999 424 1056 preces
446 989 568 1054 ¹1¹0s⁰¹¹b
750 998 779 1056 2.
803 993 997 1066 omnipotenti
1021 993 1144 1052 Domino

231 1085 309 1127 suino
329 1076 396 1127 vota
417 1068 598 1140 suppliciunt,
801 1078 961 1138 anilemus
985 1095 1047 1136 enm
1071 1079 1176 1152 gaudio

187 1156 225 1213 Et
248 1172 300 1228 pro
323 1155 405 1212 nobis
426 1171 521 1227 rogem
544 1172 642 1228 regum
799 1166 843 1223 De
865 1170 964 1223 sancto
986 1163 1137 1234 indoloria,

228 1242 320 1313 ipsum
344 1257 429 1312 posce
453 1241 613 1300 Dominum.
801 1249 892 1308 Nobis
915 1255 1036 1323 patrono
1059 1249 1168 1308 dedito.

748 1356 776 1412 3.
800 1353 848 1410 Ad
871 1357 899 1408 te
923 1351 958 1408 de
981 1351 1053 1423 lnce,
1077 1350 1209 1424 Domine,

311 1448 495 1512 Responsoria.
800 1438 861 1495 Nos
884 1437 1003 1510 vigilare
1025 1452 1127 1526 annue,

801 1524 840 1583 Ut
863 1529 891 1579 te
913 1538 992 1579 mens
1015 1531 1113 1579 nostra
1135 1522 1223 1592 sitiat,

135 1550 162 1611 1.
185 1551 284 1608 Noctis
306 1551 352 1607 bic
373 1551 481 1624 absque
503 1570 583 1610 mora
868 1608 874 1619 ,
930 1607 936 1619 ,

800 1607 890 1666 Nobis
910 1607 956 1665 ino
978 1618 1093 1665 sanetus
1116 1605 1223 1669 faveat.

228 1653 309 1694 sacer
332 1637 489 1695 indaletius
512 1638 583 1696 hora

186 1721 270 1793 ilinc,
294 1721 342 1779 ubi
365 1728 505 1806 servatur,
745 1714 774 1773 4.
798 1712 886 1781 Quem
910 1709 938 1767 in
962 1708 1078 1768 fornace
1100 1709 1186 1767 liberi

228 1808 329 1864 castris
348 1808 431 1878 Jubct
453 1815 608 1880 moveatur,
800 1795 1013 1855 Benedixerunl
1034 1795 1126 1868 pueri,

126 1891 157 1952 V.
175 1890 261 1963 Quod
285 1892 347 1949 loca
370 1894 530 1966 sorderent,
800 1879 957 1939 Benedicat
979 1897 1030 1938 nos
1053 1879 1162 1938 moritis

228 1977 330 2050 quibus
361 1979 436 2036 illius
459 1997 524 2038 ossa
542 1981 683 2052 jacerent.
799 1967 882 2024 Beati
905 1965 1050 2028 Indoletii.

131 2080 160 2136 2.
188 2079 277 2135 Nocte
300 2080 456 2151 quiescenti
747 2073 775 2130 b.
800 2069 961 2127 [laudemus
983 2082 1084 2124 nomen
1107 2066 1222 2125 Domini

228 2165 339 2222 cuidam
369 2172 553 2238 sanctumque
575 2166 683 2225 videnti
800 2156 870 2212 Cum
893 2151 1032 2209 “telluris
1054 2151 1193 2229 Omnibus,

188 2249 304 2307 l‘mesul
326 2257 358 2308 ut
378 2258 494 2309 ornatus
800 2241 855 2298 Per
876 2253 960 2310 quem
982 2242 1074 2294 exstat
1097 2237 1252 2295 laudabilis

226 2335 270 2392 vir
292 2336 411 2408 protulit
434 2337 490 2395 ista
511 2337 629 2399 beatus:
797 2321 952 2383 00¹¹f⁸⁸⁵⁰f
974 2321 1144 2383 lssdblefillss·

122 2423 156 2481 V.
185 2420 241 2479 Die
263 2421 406 2478 monacbis
423 2439 554 2498 propere,
908 2456 949 2506 dd
969 2455 1134 2507 mmmm,

152 2567 154 2570 Α
228 2524 272 2563 mo
295 2507 407 2579 tollant,
424 2508 472 2581 qui
496 2526 624 2581 rapuere.

132 2611 161 2668 3.
186 2609 282 2668 Sancti
307 2609 437 2682 captivus

227 2695 380 2753 munimine
402 2696 469 2753 dum
491 2694 626 2770 fugitivus

186 2780 365 2854 Adspicitur,
388 2781 459 2840 mire

229 2866 302 2924 liber
321 2868 381 2939 jam
404 2870 507 2942 gaudet
530 2867 627 2945 abiro;

120 2952 154 3010 V.
183 2951 266 3009 Hune
287 2968 370 3024 quem
392 2954 550 3031 spectabat,

228 3038 357 3095 dominus
375 3054 431 3096 non
453 3055 516 3097 esse
538 3040 668 3112 putabat,

131 3139 406 3213 decoctionis,
860 3178 944 3237 1¹¹2
979 3174 1167 3248 vesperis

226 3225 273 3297 qui
307 3232 335 3283 et
366 3243 482 3300 magnus
510 3227 540 3284 in
567 3226 684 3286 aethere
949 3226 956 3240 '
1169 3221 1176 3234 '

478 3311 561 3384 vivis,
912 3294 951 3344 Ad
969 3292 1131 3359 Magnificat.

184 3396 318 3467 lndalcti,
342 3413 450 3454 morum
737 3400 772 3460 A.
795 3399 935 3457 Exaltaus
958 3397 1078 3454 humiles

227 3498 278 3540 nos
297 3482 406 3540 instrue
429 3481 491 3540 luco
513 3481 661 3555 bonomm,
842 3483 988 3556 deponens
1010 3488 1095 3555 atquc
1117 3487 1259 3555 potenter,

186 3567 245 3626 Hos
267 3567 370 3640 quibus
393 3575 437 3625 est
457 3566 567 3626 crebris
799 3569 850 3640 Tc,
873 3568 960 3644 Deus,
984 3583 1107 3636 crannus,

226 3654 276 3710 lux
299 3652 431 3711 laudibus
454 3654 510 3712 ista
532 3652 663 3713 celebris.
841 3653 889 3726 pie
911 3670 971 3728 rex,
992 3664 1020 3710 et
1042 3650 1264 3726 magnificamus,

121 3739 154 3801 V.
181 3738 350 3797 Translatus
373 3741 486 3798 Pennae
798 3741 857 3800 Ceu
879 3739 956 3797 canit
978 3739 1024 3796 bic
1045 3739 1181 3811 psalmus,

227 3824 298 3882 dans
314 3841 414 3882 munus
430 3824 681 3904 babereperenne,
841 3824 890 3882 det
912 3830 944 3882 ut
966 3824 1125 3884 lndaletius
1148 3821 1239 3882 almus

185 3911 361 3968 Conseruere
384 3910 464 3983 velis,
799 3909 858 3968 Nos
880 3908 1017 3968 Abrabae
1038 3908 1100 3966 fieri

227 3995 340 4053 Domini
363 4003 393 4053 tu
415 4011 519 4068 praeco
540 3993 645 4055 tidelis.
841 4011 930 4068 genus
952 4001 979 4053 et
1004 3995 1144 4068 promissa
1165 3994 1280 4052 mereri.

734 2566 771 2625 A.
794 2564 925 2632 Oramus,
948 2567 1032 2634 pater
1053 2560 1161 2632 inclite,

798 2647 922 2706 indaleti
944 2646 1081 2720 piissime,

799 2730 1206 2806 fflmwffimm

798 2821 824 2877 A
848 2818 931 2876 malis
953 2817 1062 2875 cunctis
1085 2833 1168 2874 eruas

798 2905 837 2962 Et
859 2909 925 2976 post
947 2904 1024 2961 vitae
1047 2903 1130 2975 hujus
1153 2917 1266 2959 cursum

799 2990 959 3049 Caelestem
981 2987 1064 3046 nobis
1087 2989 1219 3060 impetra.

188 4114 262 4162 Brev.
291 4115 518 4164 ms.Pi11naterrse
543 4129 610 4163 sace.
631 4109 696 4162 ¹²l1a.
728 4113 790 4162 Cod.
812 4113 955 4163 Scorialen.
975 4115 997 4163 L
1016 4107 1098 4163 1113.
1118 4111 1147 4160 A.
1168 4137 1198 4144 -
1219 4111 1295 4160 Brcv.

120 4198 166 4229 ms.
186 4183 344 4231 Pinnatensc
368 4198 428 4231 naec
458 4179 496 4231 15.
516 4183 577 4233 cod.
597 4182 742 4233 Seorialen.
761 4181 825 4231 frv
846 4179 887 4230 26.
907 4185 935 4231 ll.
959 4209 989 4216 -
1009 4183 1039 4232 ln
1060 4178 1082 4231 l.
1102 4181 1177 4230 Noet
1196 4175 1217 4227 Α
1235 4176 1295 4240 3,4

118 4250 324 4370 gffiiggfiglizitr}
336 4277 369 4284 -
388 4252 417 4300 ln
436 4248 460 4300 2.
480 4253 553 4301 Noct.
572 4247 592 4299 Α
611 4248 634 4311 6,
653 4248 670 4300 3
687 4251 745 4300 Tua
761 4266 831 4299 nunc
848 4249 925 4299 laudo
943 4253 1069 4300 continua
1087 4249 1139 4299 AB.
1152 4241 1219 4294 -R
1236 4245 1261 4303 2,
1279 4245 1296 4296 4

170 4411 280 4459 Dreros.
294 4410 414 4462 llymnodia
427 4411 534 4453 Hiberica.
560 4412 588 4453 11.
1125 4398 1142 4451 9
