2918 4868
654 243 865 310 „50-

188 425 217 486 3.
241 422 310 481 Cum
333 427 417 495 pater
438 423 574 495 audisset,

281 508 357 580 quod
387 513 455 567 nata
477 507 568 566 Deum
595 507 739 576 noluisset,

239 593 287 651 Ad
308 593 435 666 gladium
458 593 558 671 currit,

282 677 737 754 sedaddextramrirgoreeurrit‚

175 766 209 826 V,
238 764 278 823 Et
300 764 403 822 montis
426 764 516 822 latere

279 856 418 922 properat
433 848 621 908 tremebunda
638 849 737 925 latere,

237 935 307 994 Mox
331 934 405 993 hane
426 935 610 1008 prosequitur

280 1026 363 1093 pater
385 1022 436 1080 sed
458 1038 514 1079 non
538 1020 689 1092 reperitur.

298 1209 339 1266 ln
362 1211 391 1269 2.
416 1207 618 1267 Nocturna

366 1343 541 1408 antiphonae.

187 1467 216 1527 1.
240 1465 317 1524 Nata
338 1464 430 1524 Deum
451 1465 556 1537 vivum,

284 1556 368 1624 pater
395 1549 474 1609 idola
495 1555 607 1610 momua
630 1551 737 1628 divum,

240 1636 299 1696 Illa
321 1641 487 1708 creatorem,

282 1737 414 1780 manuum
444 1721 512 1779 colit
531 1721 581 1780 ille
600 1721 737 1786 laborem.

187 1843 217 1903 2.
240 1840 279 1900 Et
300 1840 424 1898 solidata
445 1838 504 1899 fide

284 1926 382 1998 sponsi
404 1925 459 1984 sibi
482 1924 601 1986 foedera
619 1925 678 1986 fide

239 2010 380 2071 Servabat
401 2010 508 2070 Christi

281 2112 335 2155 neo
357 2114 388 2155 se
410 2097 516 2157 mundo
539 2097 628 2157 dabat
647 2098 704 2158 isti.

187 2222 216 2282 3.
239 2218 323 2278 Hane
344 2218 409 2291 plns
431 2235 515 2290 quam
538 2219 630 2277 socias

281 2309 383 2363 natura
405 2303 509 2362 deeora
531 2302 636 2376 beavit,

239 2389 317 2461 Quae
339 2395 457 2448 cunetas
479 2388 552 2447 alins

283 2473 364 2547 quasi
393 2474 435 2533 sol
458 2475 557 2533 stellas
579 2474 735 2547 superavit.

359 2643 544 2707 Responsoria.

188 2763 216 2825 1.
239 2763 320 2822 Tune
340 2763 397 2823 duo
420 2768 549 2836 pastores

283 2848 426 2922 pascendo
449 2865 549 2922 greges
571 2867 661 2925 prope
679 2857 737 2912 sta-

533 2935 611 3014 bant,

238 3018 292 3092 Qui
310 3019 394 3092 juxta
415 3035 509 3079 mores

281 3120 344 3163 sese
365 3105 450 3164 simul
471 3105 675 3181 adsociabaat3

174 3188 209 3250 V.
239 3189 293 3261 Qui
314 3188 518 3264 manifestavit,

281 3276 356 3350 lapis
367 3277 445 3336 illico
456 3293 520 3335 oum
528 3295 613 3353 grege
621 3281 735 3358 mansit,

237 3360 296 3420 Sed
317 3361 365 3434 qui
388 3363 501 3436 celavit,

280 3463 379 3520 sospes
402 3449 480 3508 velut
501 3455 587 3509 antea
608 3451 721 3512 mansit.

185 3568 211 3626 2.
236 3564 380 3639 Caeditur,
407 3567 541 3628 atteritur

281 3651 311 3710 ia
331 3651 411 3710 molli
434 3668 520 3711 earne
541 3655 647 3726 puella,

238 3736 332 3796 Multa
354 3736 422 3795 lioot
441 3738 559 3811 patitur,

279 3822 353 3880 hano
374 3839 431 3881 non
453 3822 547 3883 vicere
569 3823 692 3898 flagella,

236 3907 293 3967 Sed
317 3907 393 3966 canit
414 3912 440 3966 ot
463 3914 528 3968 orat

276 3999 306 4051 et
327 3993 471 4053 Christum
494 3994 570 4054 laeta
590 4001 722 4070 perorat:

174 4082 209 4141 V.
240 4079 315 4138 Nato
338 4079 393 4140 Dei
416 4080 486 4156 veri,

280 4170 309 4222 te
330 4164 449 4242 gaudeo,
474 4165 596 4238 Christe,
620 4165 714 4246 lateri,

236 4251 324 4322 Quem
344 4250 417 4323 volo,
441 4267 524 4324 quem
548 4254 651 4326 recolo,

279 4337 336 4397 Pro
359 4342 387 4395 te
409 4353 481 4409 qnae
503 4337 599 4397 vivere
621 4340 695 4403 volo.

803 424 831 483 3.
856 421 879 480 0
903 421 1015 480 rabioso
1038 422 1127 496 canis,

900 523 952 564 cur
970 506 1026 564 diis
1042 506 1112 565 dare
1126 507 1211 564 thura
1225 503 1357 579 profanis

856 591 945 653 Jubes
967 608 1043 649 nune
1064 592 1224 662 mulcendo,

897 694 972 735 nnnc
999 693 1043 734 me
1065 683 1176 735 terrore
1197 675 1357 750 premendo

857 762 1058 823 Christicolum
1081 762 1219 836 quaeris?

898 849 1014 906 insanus
1036 865 1154 921 prorsas
1175 847 1300 911 haberis,

791 936 825 995 V.
857 934 958 993 Nonne
980 934 1064 991 nimis
1088 933 1216 1002 stultum,

897 1019 983 1077 mutis
1006 1019 1092 1077 rebus
1114 1019 1184 1078 dare
1207 1018 1323 1088 cultum,

854 1106 932 1178 Quae
954 1105 1015 1163 sine
1038 1104 1126 1163 verbo
1148 1111 1223 1178 sunt,

896 1188 1357 1264 neoouiqnamueesibiprosnnt?

911 1414 951 1472 Ia
975 1415 1004 1474 3.
1027 1412 1234 1474 Nocturno.

982 1567 1158 1633 Antiphonne.

801 1712 829 1772 1.
854 1708 965 1770 Surdus
987 1707 1025 1766 ad
1048 1707 1102 1765 hoe
1123 1721 1251 1779 praeses,

895 1810 951 1852 non
973 1792 1012 1851 ad
1034 1791 1209 1850 cruciamina
1230 1790 1325 1862 deses,

852 1878 978 1939 Inversis
1001 1877 1125 1951 pedibus

890 1964 978 2037 Jussit
1000 1963 1127 2037 pendere
1148 1960 1273 2035 puellam

849 2051 890 2110 Et
912 2047 982 2108 ferri
1005 2048 1125 2107 sudibus

895 2133 997 2196 frontis
1019 2134 1192 2209 pertundere
1214 2132 1326 2192 cellam.

799 2260 828 2318 2.
852 2257 930 2329 Quae
953 2255 1020 2314 dnm
1043 2253 1192 2328 penderet,

895 2357 948 2400 neo
968 2341 1013 2399 illi
1034 2338 1161 2414 pendere
1184 2339 1310 2413 deceret,

853 2426 981 2486 Naribus
1004 2431 1033 2484 et
1055 2425 1150 2499 capite

896 2511 957 2571 fluit
981 2528 1065 2570 eruor
1086 2510 1212 2584 undique
1234 2509 1299 2571 rite.

801 2636 830 2695 8.
854 2631 984 2692 Barbara
1005 2631 1071 2705 plus
1093 2630 1208 2705 gaudet,

896 2720 1002 2791 quanto
1023 2731 1141 2789 praeses
1163 2714 1242 2775 teras
1254 2715 1352 2789 audet,

854 2802 962 2876 Impius
984 2802 1090 2861 insanit

896 2890 1026 2961 laetaque
1049 2888 1129 2959 virgo
1152 2887 1237 2947 canit.

982 3076 1168 3141 Responsoria

802 3198 829 3259 1.
853 3197 934 3270 Quod
958 3197 998 3255 nil
1020 3195 1174 3269 protioeret

892 3298 1008 3356 praeses
1017 3288 1084 3341 tuno
1092 3282 1215 3355 denique
1224 3298 1354 3356 oernens,

849 3369 889 3428 Et
910 3367 986 3441 quod
1009 3367 1104 3428 adhue
1126 3377 1242 3429 caneret

894 3454 974 3527 virgo
1004 3454 1179 3513 cruciamina
1200 3469 1351 3529 spernens,

851 3540 934 3599 More
957 3539 1050 3598 erneis
1072 3539 1180 3598 Christi

893 3625 936 3682 sio
957 3625 1105 3698 equuleum
1128 3631 1211 3698 parat
1234 3623 1292 3685 isti.

851 3710 891 3769 Et
913 3711 955 3768 sio
976 3726 1121 3788 asperare,

891 3795 1022 3854 manibus
1037 3796 1215 3869 pedibusque
1229 3795 1328 3870 ligare,

851 3881 944 3941 lussit
964 3882 1106 3940 mamillas

895 3967 937 4025 illi
959 3982 1090 4026 resecare
1111 3968 1242 4041 pusillas.

797 4088 826 4147 2.
849 4087 929 4147 Haeo
951 4087 1020 4146 licet
1041 4086 1205 4161 adspiceret

892 4172 1005 4247 genitor
1031 4178 1060 4231 et
1081 4189 1203 4246 namque
1225 4173 1347 4245 videret,

849 4258 960 4316 Taliter
981 4255 1082 4332 affligi,

893 4343 1075 4418 pondereque
1097 4345 1216 4404 vulnera
1238 4342 1295 4422 figi,
