2918 4868
617 261 848 325 -251-

545 461 605 518 437.
633 461 672 519 lle
689 464 785 519 sancto
803 462 915 520 Severo.

645 599 688 654 Ad
707 599 821 655 Laudes.

143 740 170 801 l.
194 739 294 799 Severi
320 741 411 800 sancti
434 743 537 800 merita
758 747 787 804 3.
810 740 1006 803 Pontificalcm
1026 739 1148 800 infulam

195 825 280 884 Nunc
300 843 456 900 pangamus
479 829 654 900 solemniter,
811 828 907 887 Clanis
927 827 1041 888 ornavit
1063 825 1175 895 ferreis,

195 912 235 972 Ut
257 913 318 984 ejus
341 913 399 971 vita
421 913 522 971 inclita
811 915 927 974 Christo
949 911 1044 971 ferens
1067 913 1141 971 banc
1162 912 1321 985 plantulam

196 997 332 1056 Nost-ram
355 996 493 1056 reformet
510 999 626 1071 jugiter.
813 999 894 1058 Rivis
915 999 1033 1058 tinctum
1056 997 1218 1071 purpureis.

144 1102 173 1160 2.
194 1100 251 1158 Hic
272 1097 396 1159 fructum
418 1101 620 1160 continentium
761 1107 790 1164 4.
814 1102 899 1160 Hunc
922 1117 989 1175 ergo
1007 1108 1135 1159 nostrum
1152 1100 1321 1174 praesulem,

197 1186 267 1245 tum
293 1202 383 1245 uxore
406 1187 581 1245 nanciscitur
815 1187 912 1245 bivem
935 1194 964 1244 et
985 1193 1096 1261 patrem
1119 1187 1248 1244 inclitum

194 1271 234 1329 Et
256 1273 298 1330 sic
321 1273 358 1330 ad
382 1273 574 1331 sacerdotium
815 1273 991 1330 venerantes
1012 1288 1046 1330 ac
1068 1273 1222 1344 consulem,

195 1357 368 1429 Conjugatus
393 1357 571 1430 provehitur.
815 1357 932 1416 Festum
955 1358 1081 1417 colamus
1103 1357 1240 1420 debitum.

500 1465 528 1524 5.
554 1460 598 1519 Sit
618 1460 690 1533 laus,
715 1461 805 1519 virtus
828 1467 857 1518 et
877 1460 969 1533 gloria

550 1546 674 1618 Christo,
698 1547 759 1619 regi
781 1546 931 1621 altissimo,

551 1632 605 1703 Qui
629 1632 678 1691 det
699 1647 787 1705 regna
809 1632 944 1689 coelestia

550 1716 657 1776 Severo
678 1717 875 1777 invictissimo.

209 1832 285 1881 Brev.
311 1849 359 1881 ms.
378 1835 573 1884 Barciuoueuse
595 1850 663 1885 saec.
688 1831 727 1885 15.
747 1834 809 1885 eod.
828 1834 916 1899 Capit.
934 1835 1025 1885 Vieen.
1046 1835 1113 1884 clx.
1133 1836 1164 1884 Λ.
1189 1860 1217 1868 -
1245 1836 1325 1884 Brev.

141 1899 336 1952 Barcinoneuse
354 1902 415 1967 imp.
435 1904 599 1953 Barciuouac
619 1900 692 1954 1540.
711 1905 741 1953 B.

531 2121 592 2176 438.
630 2120 667 2178 llo
685 2122 782 2177 sancto
801 2121 913 2178 Severo.

622 2260 652 2312 ln
669 2258 694 2311 2.
711 2260 845 2329 vesperis.

147 2402 175 2459 1.
199 2400 279 2477 Jesu,
303 2401 390 2459 decus
412 2400 565 2471 illibatum,
760 2405 790 2463 4.
814 2403 931 2461 Iunctus
953 2399 1007 2458 tibi
1029 2398 1201 2457 ministravit

242 2486 353 2560 fulgens
377 2486 613 2561 inmartyribus,
857 2486 938 2544 Tunc
961 2501 1066 2543 corona
1088 2485 1197 2557 spinea,

198 2575 285 2642 Quom
308 2573 453 2646 sequendo
475 2573 649 2631 immolatum
814 2573 899 2630 lucus
919 2571 984 2629 bnic
1007 2570 1188 2643 praeparavit

240 2658 361 2716 Severus
385 2675 438 2731 pro
461 2659 569 2716 viribus
855 2659 927 2718 Cum
949 2657 1053 2715 malleo
1075 2654 1178 2730 ferreo,

197 2742 276 2801 Tulit
298 2746 397 2803 mortis
420 2746 576 2802 cruciatum
812 2743 911 2801 Cutem
934 2759 1014 2801 suam
1035 2741 1197 2815 penetravit

243 2828 403 2888 (butractis
426 2829 594 2888 cervicibus.
854 2829 935 2887 Haec
958 2827 1068 2886 cerebri
1091 2827 1183 2901 galea.

145 2933 175 2990 2.
198 2931 240 2988 'lc
262 2932 383 2990 Severus
405 2933 519 2990 imitare
760 2936 787 2990 5.
813 2933 876 2990 Tua
898 2932 1027 2989 lacerant
1049 2936 1178 2988 extrema

244 3020 410 3075 l'ussetenos
433 3019 532 3086 voluit,
856 3018 938 3075 Clavi
960 3017 1067 3088 absque
1090 3016 1217 3091 cuspide,

198 3103 279 3170 Quod
304 3104 411 3174 deerat,
434 3102 570 3162 aemulari
811 3102 903 3174 Hujus
926 3103 1071 3159 trucidant
1093 3117 1225 3173 suprema

242 3188 374 3245 Gesticns
396 3205 452 3246 non
475 3188 579 3261 renuit,
855 3187 1050 3260 conquassata
1073 3186 1193 3257 casside,

200 3272 248 3330 Sic
270 3290 356 3331 saeva
378 3274 544 3346 exasperari
815 3273 898 3332 Unde
921 3272 1007 3330 babet
1030 3272 1163 3330 diadema

243 3359 281 3417 Et
303 3375 407 3432 augere
430 3361 541 3419 meruit.
854 3358 924 3416 bum
947 3357 1062 3415 coelesti
1086 3357 1247 3431 chlamyde.

148 3465 177 3521 3.
201 3460 296 3519 Clanis
318 3461 410 3519 tribus
432 3459 575 3534 perforari
759 3463 788 3523 6.
812 3459 878 3518 Tibi
899 3475 975 3537 ergo,
998 3460 1067 3519 Jesu
1090 3459 1213 3531 Christe,

242 3546 363 3604 Voluisti
386 3547 486 3618 libere,
855 3545 955 3604 Honor
975 3546 1013 3603 sit
1034 3552 1063 3603 et
1085 3546 1185 3619 gloria,

201 3632 256 3689 llic
279 3648 314 3689 ex
336 3633 427 3691 tribus
450 3632 580 3691 coronari
814 3636 903 3703 Quem
924 3631 1069 3691 collaudat
1091 3640 1200 3704 martyr
1224 3632 1278 3689 iste

244 3720 427 3776 Promeretur
448 3734 559 3792 aspere,
856 3717 890 3775 In
912 3732 1037 3789 superna
1059 3718 1146 3789 curia,

200 3802 282 3861 Serto
305 3801 378 3861 fixus
401 3804 534 3863 circulari
813 3802 870 3859 Hic
887 3802 983 3860 hostes
1006 3808 1035 3859 et
1055 3818 1138 3859 omne
1158 3803 1241 3860 triste

244 3889 319 3947 Miro
342 3887 435 3947 fossus
456 3906 552 3962 opere.
855 3888 949 3947 Pellet
970 3887 1006 3945 ab
1030 3887 1083 3945 bac
1104 3888 1207 3960 patria.

217 4009 291 4058 Brev.
317 4022 365 4055 ms.
385 4009 577 4058 llarcinoneuse
601 4022 669 4057 sace.
693 4004 732 4056 15.
751 4006 814 4059 cod.
834 4007 919 4071 Capit.
937 4006 1028 4054 Vicen.
1048 4004 1115 4054 clx.
1134 4007 1164 4054 Λ.
1189 4034 1220 4041 -
1247 4008 1321 4056 Brev.

150 4076 343 4126 barcinonense
368 4077 429 4141 imp.
449 4077 613 4126 Barciuouac
641 4073 714 4125 1540.
731 4078 762 4126 B.
788 4102 817 4109 -
844 4076 868 4136 3,
894 4072 1006 4124 &Certo
1024 4073 1076 4122 fixu
1096 4074 1126 4122 Λ.
1145 4099 1176 4110 -
1195 4075 1246 4124 Str.
1264 4072 1323 4138 :tl

148 4146 200 4194 rtrnl
218 4144 234 4193 5
253 4146 342 4194 latttten
356 4147 383 4194 iu
401 4144 447 4194 der
464 4145 611 4194 Korrektur
628 4161 679 4194 von
699 4146 733 4193 B:

352 4228 376 4278 :t
395 4231 484 4280 Clanis
503 4231 587 4280 tribus
605 4230 732 4293 perforari
767 4228 880 4292 Elegisti
898 4244 998 4291 aspere,

396 4301 474 4349 llunc
492 4306 518 4348 et
535 4299 611 4349 clavo
629 4299 760 4348 cruentari
796 4298 912 4347 Voluisti
930 4298 1020 4358 libero,

398 4371 441 4418 Sic
460 4374 500 4418 cst
517 4368 612 4433 diguus
630 4366 754 4416 collacari
789 4368 855 4416 Cum
874 4368 972 4415 sanetis
991 4369 1019 4416 iu
1037 4367 1149 4417 anathene.
