2918 4868
600 260 835 323 -253-

383 436 413 497 4.
437 432 536 491 Nescit
559 432 606 491 hio
628 433 733 492 nostris
755 432 881 492 lacrimis
903 449 1016 507 negare,

439 520 524 578 Peste
547 519 671 577 contacti
693 525 725 576 ut
747 519 922 578 redimamur
942 536 1048 594 omnm,

436 603 529 677 Saepe
551 621 607 663 non
627 621 734 680 paucos
756 605 891 664 liberavit
911 604 973 678 ipse

479 691 581 751 Clarus
603 690 632 748 in
654 689 734 749 orbe.

384 829 414 888 5.
437 826 522 884 Nunc
542 843 644 900 preces
668 831 780 886 nostras
802 826 924 885 humiles
945 843 1079 887 canamus

437 912 571 986 Martyri,
596 918 626 971 ut
649 918 745 972 custos
765 913 877 970 miseris
899 918 1028 986 reportet

435 997 481 1056 Ex
506 998 578 1068 Deo,
600 998 700 1057 morbo
722 1014 869 1058 careamus
890 999 950 1057 ullo

480 1083 584 1142 Mortis
608 1084 737 1144 acerbae.

385 1222 417 1283 6.
439 1219 479 1278 Et
500 1219 548 1292 pio
571 1221 631 1293 regi
653 1221 763 1294 pariter
785 1220 904 1279 reducat

437 1304 547 1376 Corpus
568 1311 597 1364 et
619 1311 742 1364 mentem
762 1306 940 1379 gemitusque
962 1311 1083 1387 nostros,

436 1390 481 1448 Ne
503 1390 578 1450 sinat
601 1396 724 1461 maestas
746 1392 856 1451 animas
878 1392 983 1465 perire,

479 1476 555 1547 Quas
577 1478 733 1550 reparavit,

384 1616 411 1675 7.
434 1612 493 1673 Sed
514 1613 572 1670 reis
594 1618 722 1685 praestet
749 1615 860 1674 veniam
881 1621 976 1673 matus

436 1698 596 1757 Retrahens
614 1699 715 1757 mundi
737 1700 812 1759 mala
835 1701 940 1759 damna
962 1701 1053 1774 nobis,

438 1786 535 1856 thue
557 1789 622 1856 post
645 1784 732 1842 vitam
753 1786 900 1845 videamus
923 1787 1017 1858 ipsum

480 1870 602 1927 Lumine
624 1870 749 1943 plenum.

385 2010 414 2069 8.
438 2005 482 2065 Sit
504 2006 566 2064 Deo
585 2006 662 2078 patri
685 2006 787 2066 merito
809 2013 945 2085 potestas,

438 2091 586 2151 Pneumati
605 2107 719 2164 semper
742 2093 829 2151 decus
851 2099 936 2166 atque
959 2101 1034 2161 irato,

437 2177 561 2251 Martyri
585 2176 694 2235 Christi
715 2179 827 2251 requies
850 2178 934 2237 beata

483 2263 624 2336 Tempore
644 2262 673 2320 in
695 2264 781 2324 omni.

204 2413 292 2464 thurea
315 2413 471 2477 hymnorum
494 2415 574 2463 totius
594 2416 656 2464 anui
675 2415 804 2479 expositio
823 2417 886 2482 imp.
906 2432 926 2465 a.
945 2416 962 2465 l.
981 2424 1008 2466 et
1024 2433 1049 2466 a.
1068 2442 1100 2451 -
1121 2417 1207 2481 „Petri
1227 2416 1317 2468 Nullus

137 2481 257 2546 Dclgado
276 2483 421 2548 presbyteri
440 2481 554 2546 hymnus
573 2485 688 2534 carmine
706 2480 858 2549 sapphico.“
878 2509 910 2519 —
930 2482 954 2545 7,
975 2482 987 2534 i
1007 2486 1113 2536 veniam
1131 2488 1237 2536 renatis.

516 2784 575 2842 411.
607 2785 646 2842 Do
663 2785 759 2842 sancto
778 2785 951 2842 Sebastiano.

389 2931 417 2989 1.
441 2929 556 3001 lllartyr
578 2946 594 2986 o
618 2929 726 2989 Christi
750 2929 919 3002 Dominique
941 2931 998 2988 tiro

439 3015 478 3073 Et
500 3031 588 3089 sagax
612 3014 721 3073 athleta
744 3014 921 3087 Sebastiane,

440 3100 493 3171 Qui
516 3100 570 3158 Dei
594 3115 695 3173 passus
718 3100 846 3158 mernisti
870 3116 965 3159 amore

481 3187 611 3244 Pandere
633 3186 736 3246 coelos.

386 3325 414 3381 2.
438 3321 512 3379 Dum
535 3320 593 3379 fide
615 3327 729 3380 sanctos
752 3321 824 3380 bene
846 3321 987 3384 roborasti

437 3406 557 3480 Flagrat
579 3413 608 3464 et
630 3407 774 3466 Christum
797 3404 878 3466 furor
899 3407 1074 3481 insequentis

441 3492 498 3550 Ore
520 3492 631 3551 crudeli
653 3493 755 3551 rabido
777 3493 892 3566 tyranni

484 3578 526 3636 Te
547 3592 617 3636 nece
641 3578 766 3637 damnat.

390 3719 418 3775 3.
444 3713 555 3786 Corpus
578 3712 702 3773 adfixum
726 3714 799 3772 silici
822 3715 933 3787 sagittis

440 3800 549 3872 Impius
572 3799 661 3858 tradit
683 3800 889 3869 Diocletianus,

441 3887 482 3944 Tc
505 3885 605 3943 videns
628 3886 694 3944 aula
716 3892 802 3958 pavet
825 3887 1022 3945 admonentem

485 3971 626 4048 Dogmata
648 3971 765 4033 Christi.

390 4112 418 4169 4.
443 4109 496 4167 ille
520 4107 640 4183 instigat
664 4125 747 4166 sacra
769 4108 897 4166 membra
920 4126 1027 4184 rursus

444 4195 493 4255 Sic
515 4195 577 4253 Deo
600 4192 671 4252 felix
693 4194 816 4252 unimam
841 4194 956 4266 dedisti,

441 4280 495 4339 Est
517 4279 612 4338 choris
634 4280 728 4352 laetis,
750 4279 799 4338 ubi
822 4285 883 4339 tota
904 4287 986 4354 septa

482 4364 606 4423 Numine
632 4365 707 4428 divo.
