2918 4868
141 410 174 471 V.
201 410 296 468 Datur
319 410 427 466 cunctis

239 496 316 553 salus
339 499 368 552 et
390 495 490 570 gratia,

202 582 290 653 Quam
313 580 449 653 producis

244 682 278 724 ex
302 666 378 726 dulci
401 665 469 723 tilia.

148 772 177 829 2.
201 768 265 825 Lux
288 772 332 825 est
353 772 417 826 orta

240 869 326 912 verae
348 853 484 923 laetitiae,

205 938 255 996 Fit
277 955 355 996 mens
378 939 454 996 laeta

242 1040 347 1097 expers
369 1023 538 1096 moestitiae,

202 1110 286 1167 Hunc
308 1108 438 1171 Joaclrim

240 1196 365 1253 colamus
387 1194 482 1268 hodic,

139 1281 170 1341 V.
197 1281 241 1339 Ex
264 1298 320 1354 qno
341 1287 425 1339 natus

238 1365 291 1424 flos
313 1366 502 1441 innocentiae,

200 1452 283 1511 Vitae
305 1452 382 1510 salus

237 1538 379 1611 arrhaque
401 1537 518 1611 gloriae.

150 1645 178 1700 3.
204 1642 227 1700 Ο
250 1640 390 1714 Joacbim,

237 1726 328 1783 electe
351 1725 479 1796 coelitus,

198 1811 244 1869 Ex
266 1818 296 1867 te
317 1811 354 1869 ad
379 1811 465 1868 vitam

237 1895 318 1953 nobis
342 1900 388 1953 est
409 1896 528 1968 reditus,

200 1981 284 2040 Unde
307 1981 378 2038 coeli

237 2066 342 2138 gaudet
365 2065 524 2138 exercitus3

134 2153 168 2214 11,
195 2151 285 2210 Nobis
307 2152 400 2223 adsta,

239 2237 305 2294 dum
327 2237 420 2295 saevis
443 2236 572 2295 hostibus

201 2324 404 2395 Impugnamur

235 2414 265 2466 ct
287 2409 380 2467 carnis
402 2406 538 2467 aestibus.

254 2615 294 2672 ln
318 2617 346 2676 3.
369 2613 575 2674 Nocturna.

325 2732 502 2797 Antiphonao.
535 2800 545 2820 s

146 2837 173 2896 1.
198 2838 255 2894 Istc
279 2837 340 2895 siue
362 2837 482 2895 maculis

230 2923 338 2995 jngitar
360 2923 484 2993 incessit,

197 3007 280 3065 Nunc
302 3009 331 3066 in
353 3008 546 3067 tobcmracnlis

234 3094 355 3152 Sanctus
381 3094 543 3168 requiescit.

145 3198 174 3254 2.
196 3194 357 3268 Conceptus
379 3213 434 3253 non
458 3196 577 3270 derogat

235 3281 329 3340 Patris
353 3281 503 3353 honestati,

194 3365 268 3424 Nam
290 3366 315 3423 is
336 3367 416 3425 illum
438 3367 529 3426 sociat

233 3451 366 3511 Summae
388 3452 539 3524 majestati.

144 3557 174 3616 3.
197 3557 301 3616 Omnes
324 3571 391 3629 ergo
414 3554 559 3613 celebrent

233 3642 275 3700 Tc
297 3647 408 3715 patrem
432 3640 553 3714 felicem,

195 3728 248 3800 Qui
271 3727 376 3785 dedisti
399 3726 521 3800 perditis

233 3813 288 3871 Dei
310 3813 486 3887 genitricem.

319 3965 504 4030 Responsoria.

143 4072 171 4130 1.
196 4069 234 4128 Ut
251 4069 311 4142 jam
334 4070 437 4127 trinam

233 4155 322 4214 sacris
344 4155 371 4212 in
395 4155 515 4213 aedibus

190 4240 294 4298 Natam
317 4240 400 4313 liquit

232 4326 346 4398 plenam
369 4326 532 4395 virtutibus,

698 232 755 296 131
804 268 842 276 -

817 405 904 479 Jungi
926 404 1001 478 petit

856 497 971 563 patrum
995 488 1131 563 coetibus,

816 577 902 639 Ultra
923 592 1026 634 curans

856 663 897 721 nil
920 662 956 720 de
978 661 1172 723 terrestribus,

755 748 787 807 V.
815 748 898 807 Dono
920 748 1035 821 gaudet,

857 850 912 906 quo
934 832 975 890 nil
999 832 1174 890 commodius

817 919 926 977 Mundo
949 915 1003 975 fnit

855 1004 973 1077 Deoque
994 1001 1112 1076 gratius.

763 1146 792 1203 2.
816 1141 950 1201 Gaudent
972 1144 1080 1212 patres,

854 1243 924 1300 quos
946 1224 1050 1282 limbus
1073 1225 1191 1302 detinet,

813 1312 858 1370 Ex
881 1311 1012 1370 Joachim

854 1413 920 1470 spes
941 1414 998 1456 una
1019 1393 1160 1468 confovet,

813 1483 891 1541 Mira
913 1489 997 1554 pater

854 1569 889 1625 de
912 1573 979 1626 nata
1001 1572 1177 1640 praemonet,

814 1653 901 1726 Signa
922 1652 1012 1712 refert

853 1744 881 1797 et
903 1736 981 1798 facta
1003 1739 1113 1798 edocet.

751 1825 784 1883 V.
811 1825 915 1884 Omnes
937 1825 1032 1883 locum

853 1911 922 1968 dant
944 1916 1029 1983 atque
1051 1908 1191 1980 considet,

810 1996 986 2055 Patriarchis

851 2081 961 2138 cunctis
976 2080 1160 2153 praeeminet.

760 2223 788 2279 3.
812 2220 875 2277 Ave
895 2224 987 2294 pater,

851 2319 926 2362 nnnc
947 2304 978 2360 in
999 2301 1167 2360 sublimibus

813 2390 907 2448 Notae
924 2390 1050 2464 junctus,

851 2475 908 2533 tuis
930 2473 978 2532 fac
999 2472 1142 2546 precibus,

811 2561 856 2620 Ne
877 2560 1020 2633 serpentis

850 2646 999 2705 laedamur
1018 2643 1170 2720 morsibus,

811 2735 872 2807 Quo
892 2729 970 2791 trans
993 2727 1094 2804 primis

851 2818 928 2878 venit
951 2814 1135 2891 parentibus3

748 2905 782 2965 v.
808 2904 852 2962 Tu
875 2919 949 2961 nunc
971 2902 1078 2962 sanctis

848 2989 998 3062 praesides
1020 2986 1160 3058 omnibns,

815 3075 859 3134 Da
882 3079 946 3148 post
969 3078 1088 3132 mortem

845 3161 927 3234 jungi
948 3157 1129 3218 coelestibus.
1227 3227 1232 3236 .

897 3418 937 3476 ln
959 3414 1170 3476 Laudibus.

942 3549 1119 3616 Antiphonao.

762 3676 789 3736 1.
812 3674 942 3733 doachim
962 3672 1138 3746 praenobilis

851 3760 945 3818 induit
967 3760 1110 3829 decorem,

812 3845 1028 3904 administrans
1050 3842 1169 3915 singulis

851 3930 959 4004 gratiae
981 3928 1176 4002 splendorem.

760 4072 790 4130 2.
815 4068 870 4126 Per
892 4083 955 4125 cum
978 4066 1126 4125 reducitur

851 4154 953 4212 Annus
972 4152 1125 4225 jubilaeus,

814 4239 902 4311 Cujus
924 4254 959 4296 ex
982 4237 1120 4312 progenie

851 4325 929 4385 venit
952 4324 1035 4383 homo
1056 4325 1143 4384 Deus.

1124 4423 1141 4476 9
1148 4420 1162 4451 t
