2918 4868
635 269 868 335 -152-

164 436 184 489 R
204 438 234 501 3,
258 440 274 491 Ἰ
294 442 411 492 Virtutes
435 442 522 493 eelsss
539 443 572 492 D.
591 469 624 479 -
642 444 674 493 In
691 442 776 494 Laud.
795 439 816 493 Α
833 440 863 507 4,
888 440 905 493 2
922 444 1030 493 Domini
1049 443 1115 495 fehlt
1131 445 1162 495 A.
1182 472 1216 483 -
1234 441 1257 494 Α
1275 443 1309 508 4,
1335 443 1354 498 3

165 511 288 562 Omnium
315 512 406 561 mortis
432 512 463 562 D.
488 537 522 548 -
545 511 586 561 Ad
605 513 668 562 Ben.
687 506 722 574 Α,
745 509 763 562 4
787 527 836 562 sus
858 512 965 563 claudat
986 512 1087 562 lumina
1110 518 1187 579 portu
1204 514 1236 564 A.
1261 542 1294 551 —
1318 516 1353 566 Iu

164 578 189 628 2.
207 580 287 644 Vesp.
316 580 349 629 ad
367 580 454 645 Magn
474 575 495 629 Α
514 575 531 630 3
549 595 588 646 sq.
609 580 649 630 1¹u
666 586 726 646 pete
743 580 801 631 dari
819 596 901 647 regns
919 580 1045 632 eoelestia
1063 596 1137 632 sacro
1155 582 1228 633 sonte
1246 587 1353 635 renatis

164 646 250 711 BOD3
268 648 309 697 Tu
328 654 387 713 pete
405 663 486 713 regne
503 648 630 699 eoelestia
647 648 706 699 dari
723 650 796 700 ioute
813 652 911 700 renatis
929 650 960 699 Α.

567 866 609 924 dd.
644 866 686 922 lle
704 867 803 923 musta
821 864 938 924 lisuino.

286 1030 327 1089 ln
352 1029 380 1092 1.
403 1029 599 1103 vesperis.

329 1147 370 1197 Ad
387 1147 549 1213 Magnificat.

163 1252 199 1312 Δ.
224 1252 309 1327 Regis
332 1253 463 1312 coelestis
485 1253 600 1311 numine

225 1337 275 1396 Fit
296 1339 324 1396 iu
347 1339 462 1397 Mariua
484 1339 594 1413 virgine

268 1423 383 1483 Clamm
405 1440 506 1483 nomen
530 1440 583 1496 per
603 1424 727 1496 saecula,

271 1509 345 1568 Nam
369 1508 424 1568 luit
445 1527 554 1569 morum
576 1511 684 1584 regula,

227 1595 306 1665 Quae
328 1596 470 1654 castitatis
493 1596 608 1656 vadium

226 1678 396 1754 Profertque
417 1681 489 1740 lueis
511 1681 640 1759 radium3

270 1766 303 1824 In
326 1765 474 1825 beatomm
495 1767 607 1840 agmine

269 1850 369 1910 Gloria
390 1852 452 1929 tibi,
476 1852 607 1914 Domine.

283 2021 339 2081 nd
364 2022 602 2082 Matutinum.

347 2140 542 2193 Inritatoriurn.

226 2245 297 2319 Regi
319 2246 451 2305 Marinae
474 2247 592 2320 virginis

270 2331 315 2390 Sit
336 2332 399 2390 lons
422 2333 518 2391 eordis
540 2339 569 2391 et
590 2333 657 2412 oris,

226 2415 278 2474 Cui
299 2416 351 2475 sub
374 2423 453 2477 reste
475 2418 597 2477 hominis

270 2502 393 2561 luservit
415 2503 443 2562 vi
465 2505 580 2564 amoris.

282 2672 324 2731 Iu
348 2675 374 2734 1.
398 2673 602 2734 Nocturno.

354 2793 530 2858 Antiphonee.

174 2897 202 2957 1.
225 2896 341 2956 Mariua
362 2898 398 2956 de
421 2898 609 2971 prudentibus

268 2982 333 3042 Una
354 2980 507 3057 praefulsit
529 2984 665 3057 pmdens‚

227 3066 292 3126 Non
315 3068 394 3141 siris,
418 3069 469 3127 sed
492 3069 645 3130 virtutibus

269 3153 382 3213 Christo
405 3155 520 3229 plaeere
541 3156 670 3215 studens.

173 3259 201 3316 2.
226 3257 379 3317 coelorum
402 3258 463 3331 regi
485 3258 623 3332 virginem

269 3342 389 3416 Semper
410 3359 442 3401 se
465 3345 668 3423 praesentavit,

223 3429 330 3486 Amare
352 3428 443 3487 Deum
465 3430 606 3488 hominem

266 3513 443 3573 Cordeteuns
467 3514 596 3575 dietavit.

172 3617 200 3676 3.
224 3617 334 3677 cuncta
356 3634 408 3691 pro
432 3618 653 3692 christigratia

267 3702 445 3776 Contempsit
466 3704 545 3762 crine
567 3710 649 3764 tonso

223 3787 398 3861 Remotaque
420 3787 535 3849 fallacia

268 3873 375 3947 Nupsit
394 3882 512 3934 netemo
533 3892 646 3948 sponso.

348 4010 535 4075 Responsoris.

173 4113 200 4172 i.
223 4111 331 4172 christi
353 4114 468 4174 Mariua
490 4116 620 4189 plantula

265 4198 342 4257 Mire
363 4198 548 4259 fructificavit

223 4286 257 4344 In
279 4284 349 4343 orbe
371 4286 442 4360 legis
464 4286 575 4346 aemule

264 4371 428 4446 Multosque
449 4370 624 4447 informavit,

845 1029 992 1089 cnstiutis
1015 1046 1069 1104 per
1090 1030 1205 1090 saecula

888 1117 1002 1178 Cultum
1023 1114 1242 1190 multiplicavit;

780 1199 814 1263 V.
842 1201 930 1275 Virgo
951 1203 1055 1261 sedens
1077 1202 1105 1260 iu
1128 1200 1242 1275 cellula,

844 1285 881 1345 Se
902 1289 955 1348 sub
979 1289 1104 1348 virorum
1126 1285 1231 1345 nebula

885 1374 951 1434 Jatn
973 1373 1035 1432 Deo
1057 1372 1243 1431 eonsecravit.

791 1478 820 1536 2.
843 1475 878 1533 lu
900 1475 948 1536 via
968 1475 1161 1549 poeniteutiae

885 1562 963 1621 Onus
985 1562 1079 1621 vitans
1102 1561 1239 1619 honorum

843 1645 880 1707 Se
902 1646 984 1706 dedit
1005 1646 1195 1706 confidentiae

885 1732 992 1792 Christi
1015 1738 1100 1806 atque
1122 1737 1296 1806 sauctorum,

843 1816 985 1877 Luorstur
1006 1818 1048 1876 siu
1069 1817 1197 1892 qnotidie

883 1903 1044 1962 Thesanms
1066 1903 1242 1962 moritorum.

778 1988 813 2048 V.
840 1989 909 2061 Ipse
930 1990 1011 2050 stetit
1032 1989 1190 2048 sententiae

841 2073 906 2133 Jem
927 2075 1097 2148 peccatricis
1118 2073 1205 2146 filiae,

880 2162 958 2234 Quae
981 2160 1062 2219 dedit
1082 2167 1196 2233 turpem
1217 2157 1344 2219 thorum.

789 2263 817 2323 8.
840 2261 966 2336 Virginis
988 2263 1042 2322 hoe
1064 2261 1213 2321 eonsilium

883 2347 968 2407 Nune
989 2348 1088 2407 laudet
1108 2362 1188 2405 mens
1206 2345 1342 2418 humana,

839 2432 941 2492 Fidele
961 2451 1028 2494 nam
1050 2433 1181 2494 exsilium

882 2519 1012 2580 Portarit
1033 2537 1087 2595 pro
1109 2534 1141 2577 re
1162 2533 1238 2578 rana

840 2602 903 2662 Nee
923 2605 1000 2664 iuter
1022 2612 1132 2666 coetum
1155 2603 1254 2662 vilium

883 2692 967 2750 Meus
988 2692 1072 2765 httjus
1094 2691 1127 2751 fit
1148 2690 1265 2763 insana;

781 2776 811 2836 V.
840 2774 902 2833 Nee
923 2778 1039 2851 peperit
1060 2777 1133 2836 haee
1153 2773 1255 2846 lilium,

840 2861 913 2919 Nam
937 2864 1076 2923 eastitatis
1098 2860 1190 2921 lilium

884 2947 1008 3008 Ferebat
1028 2955 1123 3008 mente
1144 2962 1224 3007 sena.

895 3172 937 3231 In
960 3175 988 3234 2.
1012 3172 1218 3236 Noctuine.

972 3290 1148 3356 Antiphonse.

790 3394 817 3454 1.
841 3395 991 3469 Patrisque
1010 3397 1169 3471 sapientiae

883 3482 971 3555 Virgo
992 3490 1114 3542 mentem
1137 3483 1267 3559 apponit,

840 3566 881 3626 Ut
902 3572 992 3626 staret
1012 3569 1168 3642 patientiae

881 3653 939 3712 Pro
953 3652 1076 3727 Christo,
1095 3671 1178 3727 quem
1194 3655 1339 3729 proponit.

788 3759 817 3820 2.
841 3756 884 3815 De
902 3757 968 3815 rudi
988 3762 1064 3815 testa
1085 3758 1216 3817 nucleum

881 3841 983 3901 Trahit
1005 3849 1089 3916 atquo
1110 3843 1265 3919 dolentem,

840 3928 885 3985 ile
904 3934 988 4001 petra
1009 3944 1112 4002 sugens
1131 3929 1234 4007 oleum,

883 4013 927 4072 De
948 4014 1032 4088 spina
1055 4013 1153 4088 legens
1172 4012 1283 4076 liorem.

790 4119 819 4177 e.
844 4117 1061 4189 Ormisdam,
1084 4115 1195 4192 fulgida

881 4202 1005 4263 Coeleeti
1028 4203 1189 4277 disciplina,

734 4319 737 4324 ·
838 4289 919 4348 Inter
940 4289 1017 4348 viros
1040 4305 1119 4348 mens
1140 4290 1239 4364 algida

875 4374 944 4433 Fuit
965 4380 1015 4434 tua
1035 4375 1159 4437 Metine.
