2918 4868
615 246 826 312 ,92-

145 421 174 482 3.
196 417 383 478 Exsultantes

240 504 357 563 mentali
378 504 483 579 gaudio

197 590 378 649 Celebremus

240 674 345 735 testum
367 675 507 750 devotius,

198 759 285 834 Cujus
306 762 410 821 scimus

235 848 331 919 juvari
353 847 436 906 radio

196 932 317 992 Pietatis

238 1034 324 1079 verae
344 1018 522 1096 quantocius,

133 1105 167 1164 V.
199 1105 233 1164 In
255 1104 346 1177 ipsius

239 1190 333 1249 laudis
355 1189 509 1263 praeconio

196 1274 378 1334 Desudantes

239 1377 387 1435 surgamus
409 1361 496 1420 ocius.

279 1532 318 1591 ln
342 1532 548 1594 Laudibus.

326 1633 501 1698 Antiphonae.

147 1739 173 1800 l.
197 1738 338 1811 Regnanti
360 1739 466 1812 psallat
487 1737 609 1796 Domino

239 1826 295 1885 cor
318 1824 406 1897 pium,
429 1817 508 1881 mens
529 1823 651 1895 sincera,

198 1910 231 1967 ln
255 1909 373 1983 virginis
394 1908 556 1967 laudamine

239 1995 399 2054 Deuotione
417 2009 494 2055 vera.

144 2100 172 2158 2.
196 2097 337 2157 Laudavit
359 2113 460 2155 nomen
482 2096 607 2167 Domini,

240 2183 314 2242 Nam
335 2184 397 2256 ipse
419 2189 463 2240 est
484 2182 588 2251 suavis,

194 2269 277 2343 Quod
299 2284 400 2327 nomen
422 2268 499 2327 omni
521 2266 628 2326 nomini

240 2356 366 2426 Praeest,
389 2359 422 2412 ut
443 2353 534 2427 puppi
555 2352 646 2414 navis.

144 2460 172 2518 3.
196 2458 243 2515 Ad
267 2464 296 2515 te
318 2457 354 2516 de
375 2457 439 2514 luce
462 2456 560 2528 vigilat

240 2544 296 2601 Cor
325 2540 439 2601 fervens
461 2541 544 2613 hujus
566 2538 693 2614 virginis,

195 2628 387 2701 Martyrizata
404 2626 510 2699 Jubilat

240 2714 310 2772 Cum
340 2717 422 2772 coetu
445 2712 537 2771 dulcis
563 2711 692 2784 agminis.

142 2818 171 2876 4.
196 2813 352 2875 Benedicat

238 2902 374 2975 spelunca
396 2900 557 2972 Dominum,

196 2986 253 3047 Ubi
275 3004 331 3045 non
354 2992 397 3043 est

239 3089 369 3131 accessus
392 3072 546 3146 bominum,

195 3160 229 3218 In
252 3175 308 3232 qua
330 3158 410 3231 virgo

238 3245 359 3318 sumpsit
380 3244 557 3318 martyrium.

144 3352 171 3405 5.
195 3346 269 3405 laus
292 3348 353 3419 ejus
375 3347 403 3405 in
427 3348 556 3420 ecclesia,

197 3435 265 3490 (jum
289 3449 344 3505 quo
367 3443 467 3507 regnat
489 3433 611 3491 Eurosia

240 3520 271 3576 ln
293 3519 385 3591 gloria
406 3525 577 3589 sanctorum,

196 3604 353 3662 Terrenum
375 3621 508 3677 sponsum
532 3620 664 3676 renuens,

196 3690 351 3747 (belcstem
376 3706 492 3763 prorsus
514 3689 652 3761 ambiens,

239 3777 384 3835 Festivom
408 3781 436 3831 et
459 3776 603 3836 decomm.

298 3911 338 3960 Ad
356 3910 522 3961 Benedictus.

132 4016 168 4075 A.
199 4014 223 4072 0
245 4013 297 4073 flos
320 4016 465 4074 vernantis
489 4016 606 4088 gratiae,

195 4098 288 4159 Aufer
309 4101 398 4159 bostis
418 4099 550 4159 fallaciae

238 4187 264 4244 A
287 4187 409 4244 servulis
432 4187 570 4258 timorem,

197 4272 319 4331 Eurosia
341 4272 485 4348 coelicola,

196 4358 256 4416 Fac
278 4358 375 4417 mollia
397 4368 425 4416 ct
446 4356 550 4417 frivola

238 4444 303 4505 Sint
325 4444 406 4503 nobis
428 4444 457 4503 in
480 4444 637 4504 horrorem.

784 422 839 481 Ad
861 421 982 482 Horas
1003 423 1268 499 Antiphouae.

933 522 974 574 Ad
995 524 1120 575 Primam

809 611 1031 670 insurrexerunt
1052 627 1203 686 perperam

852 698 878 754 A
897 694 955 756 fide
976 696 1063 756 alieni

810 781 958 840 Adversus
980 782 1056 856 regis
1077 781 1176 856 tiliam,

853 865 979 926 Nefandi
1000 870 1162 930 Sarraceni.

934 968 974 1019 Ad
992 969 1118 1020 Tertiam.

810 1044 1030 1106 Coniuudantur

852 1134 968 1207 superni
990 1133 1095 1192 aemuli

809 1219 849 1277 Et
870 1218 900 1277 in
923 1217 1058 1277 membris

852 1304 910 1362 siut
932 1319 1046 1377 semper
1066 1304 1190 1376 tremuli,

810 1389 884 1448 Nam
905 1390 1012 1462 iniuste

852 1475 882 1533 iu
904 1481 1031 1534 sanctam
1055 1475 1193 1550 virginem

810 1561 1018 1634 Perpetrarunt

853 1652 999 1705 cruentam
1022 1645 1140 1707 rabiem.

940 1746 981 1797 lid
999 1746 1114 1798 Sextum.

809 1827 970 1886 Posaerunt
992 1827 1123 1900 laqueum

853 1911 915 1970 Sibi
937 1919 1111 1989 peccateres,

809 1997 885 2069 Quos
907 1997 937 2055 in
959 1997 1030 2071 legis
1052 1997 1184 2056 nucleum

851 2081 961 2141 Scimus
983 2089 1217 2156 transgressores.

942 2183 981 2233 Ad
1001 2185 1113 2235 Nonam.

810 2252 907 2327 Longe
928 2255 1006 2312 salus

853 2355 870 2396 a
892 2340 1091 2412 peccatoribus

810 2424 849 2482 Et
872 2423 940 2483 fidei

852 2510 1118 2581 contradictoribus,

809 2596 862 2666 Qui
885 2597 1025 2654 cervicem

851 2688 981 2740 sacratae
1003 2682 1122 2756 virginis

810 2772 1004 2840 amputarunt

853 2850 974 2911 funestis
996 2853 1111 2926 gladiis

868 2973 908 3031 ln
935 2973 1178 3047 exiceperis.

915 3075 955 3124 Ad
972 3072 1134 3141 Magnificat

744 3164 780 3220 A.
803 3160 827 3220 0
849 3161 945 3235 proles
967 3159 1127 3234 magnifica

810 3246 969 3305 Virtutibus
990 3245 1120 3319 mirifica,

850 3332 944 3405 Signis
966 3331 1211 3391 crebrescentibus

892 3418 1019 3477 Mundus
1040 3418 1227 3492 obstupescit,

808 3504 841 3562 ln
864 3511 1025 3562 sanctorum
1050 3504 1159 3562 meritis

808 3590 980 3662 obsequaris
1002 3605 1072 3662 prae
1095 3591 1198 3649 ceteris

850 3675 1245 3752 Cunctisqnepraesentibus

892 3763 1000 3833 Magna
1025 3761 1087 3819 laus
1107 3763 1262 3835 accrescit3

808 3846 939 3919 limesia,
962 3846 1090 3918 subveni,

808 3933 894 3990 Alma
915 3939 1033 4009 martyr,
1055 3931 1195 3990 interveni

852 4020 907 4077 Pro
927 4024 1024 4075 nostro
1047 4014 1175 4076 facinore

893 4103 981 4174 Apud
1003 4102 1058 4160 Dei
1079 4117 1192 4176 numen,

808 4187 853 4246 Ne
874 4189 903 4246 in
926 4188 980 4246 hoc
1001 4189 1102 4247 exsilio

809 4274 908 4332 Pirata
928 4274 973 4332 vel
995 4274 1112 4346 inspilio

848 4358 961 4416 lniolici
983 4375 1097 4418 vomere

891 4444 1013 4504 Misceat
1033 4460 1161 4505 acumen.
