2918 4868
712 262 921 324 „90-

230 439 259 499 8.
284 438 373 509 Haec,
397 436 426 494 in
449 453 505 510 quo
527 453 558 494 se
580 436 748 509 baptizarit,
845 440 874 498 4.
897 438 954 495 Per
976 436 1049 495 hanc
1064 437 1182 511 quisquc
1204 444 1385 509 promeretur

322 522 445 582 Fontem
469 521 538 580 iecit
559 521 656 593 fluere,
940 525 966 582 A
989 523 1114 595 peccatis
1136 523 1224 595 ablui,

283 610 387 667 Pastor
408 624 470 666 cuni
494 623 580 683 grege
602 608 728 678 ploravit
897 607 1014 681 Fulgor‚
1037 606 1141 667 flumen
1164 626 1220 667 non
1243 609 1360 666 timetur

327 695 360 752 In
383 709 508 752 marmor
530 710 560 751 se
584 699 704 766 vortere,
940 694 1002 751 Nec
1024 692 1123 766 iragor
1143 695 1271 766 tonitrui,

283 778 363 836 Haec
385 795 438 851 pro
457 779 544 850 justis
565 778 741 854 impetravit,
899 780 954 837 Per
976 778 1050 837 hanc
1073 779 1155 839 uobis
1178 780 1356 838 condonetur

326 864 471 937 Quidquid
494 864 564 923 velit
581 871 690 936 petere,
944 865 1027 924 Omni
1048 864 1123 922 bono
1145 863 1266 941 perir-oi,

281 952 406 1021 Patrem,
429 949 478 1022 qui
501 956 595 1008 natam
618 950 740 1026 necavit,
898 951 974 1008 Laus
996 950 1082 1023 patri,
1104 950 1166 1008 lans
1183 949 1298 1009 Christo
1314 950 1408 1022 detur,

323 1035 403 1108 Ignis
424 1035 503 1093 venit
524 1050 618 1098 urere.
940 1036 1017 1093 Laus
1039 1042 1139 1094 sancto
1160 1035 1286 1108 spiritui,
1400 1059 1401 1063 ¹

296 1151 372 1204 Brev.
398 1168 445 1202 rna.
463 1152 619 1202 Toletanum
645 1167 713 1202 saec.
733 1149 773 1201 14.
793 1152 855 1201 Cod.
874 1154 1008 1203 Matriten.
1027 1153 1066 1202 Fi.
1087 1150 1143 1202 147.
1161 1153 1192 1202 Α.
1211 1179 1243 1187 -
1265 1154 1340 1204 Brev.
1359 1169 1408 1203 ms.

227 1222 384 1273 Toletanum
407 1235 474 1270 saec.
500 1217 941 1272 ιιΙιιι.Οοι1.Πιιὶιίειι.Μιιιιιιειι.
963 1218 998 1270 48
1023 1217 1182 1282 (92-1111.
1203 1250 1233 1258 —
1263 1220 1283 1279 l,
1304 1220 1320 1270 6
1344 1235 1409 1272 voce

228 1306 380 1357 comparare
398 1290 429 1340 A.
451 1315 480 1324 —
499 1286 524 1346 3,
542 1285 559 1337 2
576 1289 656 1339 fluere
674 1289 737 1338 iacit
754 1290 806 1339 ΑΒ.
825 1316 857 1323 -
875 1289 899 1348 4,
919 1287 934 1339 8
953 1291 1059 1355 spiritui
1078 1296 1169 1338 sancto
1188 1292 1219 1339 A.

617 1521 671 1579 126.
707 1523 745 1579 Iis
763 1524 863 1580 sanctu
883 1523 1019 1580 Barbare.

729 1662 771 1716 Ad
789 1661 903 1716 Mucios.

484 1806 510 1867 1.
533 1803 620 1862 anet
643 1804 760 1863 insanus
782 1819 898 1877 praeses
920 1805 1081 1864 Martianus

532 1891 617 1948 Patre
640 1896 791 1962 praesente
813 1890 953 1963 simulque
973 1889 1092 1962 jnbente

536 1976 682 2049 Virginem
706 1975 811 2033 undam
836 1977 973 2049 sangnine
994 1974 1139 2048 pertusam

573 2060 662 2118 Trahi
684 2077 738 2133 per
760 2061 867 2123 villam.

476 2218 504 2274 2.
527 2214 608 2271 Tunc
632 2215 793 2274 verecunda
815 2222 934 2289 propter
955 2217 1125 2290 pudibunda

530 2300 759 2373 praesuspiravit
781 2300 981 2375 Christumque
1000 2303 1120 2376 rogavit,

530 2387 570 2446 Ut
592 2386 648 2443 sibi
671 2387 754 2445 daret
775 2387 879 2460 velum,
902 2389 978 2460 quod
1001 2389 1110 2448 volaret

574 2472 706 2530 Protinus
727 2471 817 2534 iliam.

477 2627 506 2685 3.
529 2624 583 2695 Qui
605 2626 680 2696 regis
704 2625 822 2696 coelum,
846 2626 953 2698 praebe
976 2627 1044 2685 mihi
1066 2627 1171 2698 velum,

530 2711 591 2780 Quo
613 2716 800 2783 contegantur
821 2711 958 2785 membra,
974 2729 1046 2785 quae
1068 2713 1223 2783 nudantur,

534 2795 574 2853 Ut
595 2813 612 2854 a
635 2794 765 2867 profanis
787 2813 923 2870 nequeam
947 2799 1068 2872 paganis

574 2880 659 2938 Nuda
681 2881 782 2944 videri.

479 3037 508 3094 4.
533 3034 589 3093 Vix
612 3051 696 3107 prece
717 3035 785 3093 data
808 3037 895 3094 vestis
918 3042 961 3093 est
983 3036 1073 3095 allata

532 3121 642 3194 Angelo
665 3120 760 3196 dante,
786 3121 849 3179 lnce
871 3123 1017 3193 rutilante,

530 3206 610 3277 Quod
635 3206 682 3265 vix
705 3205 839 3265 valebant
861 3207 912 3283 illi,
936 3207 984 3280 qui
1007 3207 1171 3279 trahebant,

575 3294 658 3351 Hanc
682 3293 795 3351 intueri.

480 3452 508 3508 5.
532 3445 689 3504 Barbarum
712 3452 833 3504 stantem
856 3452 936 3504 veste
960 3452 1170 3504 corruscantem

531 3534 648 3590 Praeses
672 3538 703 3589 nt
726 3533 809 3608 vidit,
834 3533 869 3590 de
891 3548 922 3589 se
942 3532 1002 3604 jorn
1026 3531 1144 3603 diffidit,

532 3618 620 3674 Totus
643 3617 784 3685 turbatur,
808 3617 908 3692 nescit,
932 3617 1001 3691 quid
1024 3618 1166 3690 loquatur,

574 3703 672 3760 Mutus
694 3712 723 3760 et
745 3719 856 3766 caecus.

480 3862 508 3919 6.
532 3855 632 3915 Gloria
657 3858 733 3930 patri
756 3857 916 3930 virginique
938 3855 1033 3926 matri,

534 3941 609 4000 lans
631 3959 741 4016 qnoque
763 3942 879 4003 Christo
903 3942 991 4000 choro
1013 3942 1052 3999 sit
1074 3940 1110 4000 ab
1133 3942 1199 4017 isto,

532 4027 653 4100 Spiritui
676 4028 760 4086 detur
782 4027 884 4101 honor,
906 4036 936 4084 nt
961 4027 1092 4100 debetur,

574 4113 720 4173 Barbarae
741 4114 837 4172 decus.

301 4233 377 4281 Brev.
396 4249 443 4281 ms.
461 4233 617 4282 Tolotnnnrn
638 4247 705 4281 saec.
727 4229 765 4281 15.
783 4231 847 4281 Cod.
868 4230 945 4280 Univ.
963 4230 1097 4280 Matriten.
1115 4227 1149 4280 48
1165 4226 1277 4290 (sa-lt
1295 4256 1328 4265 -
1349 4229 1378 4290 l,
1396 4227 1413 4280 3

232 4315 279 4350 san
308 4303 360 4351 tino
379 4317 425 4365 per
443 4301 547 4350 nudant.
567 4327 599 4334 -
617 4298 640 4356 2,
659 4297 676 4349 3
693 4300 798 4349 voleret.
819 4329 848 4335 -
868 4296 892 4359 8,
911 4296 927 4348 3
945 4314 961 4347 n
979 4300 1097 4364 profanis
1115 4316 1200 4364 neque
1218 4300 1366 4364 apaganis.
1378 4325 1413 4334 -

232 4367 255 4433 6,
308 4385 412 4435 quoque
431 4370 502 4420 solvit.
