2918 4868
608 285 843 352 -149-

244 465 246 469 ’
346 465 375 524 6.
399 461 451 539 Te,
474 478 570 521 rerum
592 462 713 536 genitor,
735 462 888 535 poscimus
909 477 1005 521 annue

399 550 487 620 Quem
510 550 627 607 summis
650 547 777 607 celebrat
799 546 920 606 mundus
942 547 1106 626 honoribus,

398 633 505 693 Nubila
527 639 624 707 tegeas
646 628 708 713 [sic]
743 674 1098 696 ............

440 720 514 777 Dum
536 718 627 777 nubes
650 725 699 777 tua
720 716 842 777 fulserit

207 839 281 887 Brev.
301 839 352 888 FF.
374 840 401 887 S.
420 838 575 900 Hieronymi
597 839 659 902 imp.
678 836 801 902 Lugduni
823 833 896 886 1547.
913 835 944 885 Δ.
963 864 996 872 -
1014 838 1090 886 Brev.
1110 837 1159 885 FF.
1179 837 1206 886 S.
1223 839 1317 887 Hiero·

139 909 211 970 nyrni
230 908 292 970 imp.
311 908 538 971 Caesaraugustae
561 903 635 956 1562.
654 907 683 956 B.
701 931 735 941 -
752 901 778 964 6,
796 902 813 954 3
828 904 875 955 hat
893 905 914 953 Β
933 904 1044 955 treulich
1063 905 1267 969 naeirgedruekt.

439 1121 502 1179 219.
538 1122 569 1179 lu
588 1119 788 1180 'translatione
806 1136 828 1179 r.
848 1119 1017 1194 Hieronymi.

624 1261 668 1315 Ad
687 1260 827 1331 vesperas

141 1405 168 1465 1.
192 1404 334 1477 Hymnunr
356 1421 458 1462 novum
484 1404 667 1462 decantemus
753 1408 783 1467 -3,
811 1403 915 1461 Verum
936 1403 1031 1461 lumen
1053 1410 1168 1461 nostrae
1189 1405 1266 1462 vitae

233 1490 391 1549 Modulatis
414 1490 539 1561 vocibus,
849 1491 997 1549 Petentem
1020 1488 1203 1566 Hebraicam‚

194 1575 399 1647 Hieronymum
420 1576 604 1648 imploremus
810 1574 898 1632 Simul
922 1574 1062 1632 Graecam
1085 1582 1114 1632 et
1136 1574 1268 1634 Latinam

238 1661 317 1720 Pium
341 1666 462 1734 patrem,
486 1660 616 1719 omnibus
850 1659 990 1733 Linguam
1012 1667 1042 1717 et
1063 1661 1287 1736 grammaticam,

193 1744 234 1805 Ut
256 1746 388 1822 adsistat,
411 1744 579 1804 festinemus
808 1745 985 1803 Victorinum
1011 1753 1163 1816 orumrem,

236 1830 360 1890 Sinceris
383 1831 542 1890 affectibus.
851 1833 878 1889 A
904 1848 959 1903 quo
981 1838 1011 1888 et
1032 1831 1214 1892 rhetoricam.

141 1937 170 1993 2.
194 1934 333 1993 Mundum
356 1939 445 1992 totum
470 1940 696 1992 contemnentem
757 1936 785 1992 4.
809 1933 1028 1991 Sacrosanetnm
1047 1934 1254 2006 scripturarum

239 2020 283 2078 Ex
306 2019 450 2078 stridonis
473 2020 589 2094 oppido,
850 2019 1022 2093 Abyssaiem
1048 2017 1164 2077 fluuium

195 2105 385 2178 Eremumque
408 2106 550 2163 sitientem
811 2105 843 2162 In
863 2110 1017 2162 torrentem
1040 2121 1123 2176 quam
1140 2105 1318 2178 praeclarum
1357 2144 1362 2153 -

239 2191 283 2249 Ex
307 2197 390 2263 patre
412 2191 546 2262 Eusebio,
856 2189 945 2247 Auxit
971 2197 1000 2246 et
1021 2191 1216 2261 praeconium,

197 2275 296 2335 Nobili
318 2293 354 2334 ex
376 2277 467 2348 stirpe
489 2282 585 2333 natum
811 2274 992 2332 Effundendo
1013 2273 1098 2332 rebus
1120 2275 1247 2350 planum,

238 2360 348 2423 confini
369 2362 524 2421 Pannonia.
851 2360 931 2430 Quod
955 2365 1017 2418 erat
1039 2367 1095 2418 tam
1119 2376 1262 2433 asperum.

454 2469 482 2524 5.
507 2464 611 2535 Decus,
635 2463 725 2523 honor
744 2463 806 2522 Deo
828 2462 904 2535 putri

544 2547 588 2607 Sit
609 2549 725 2621 ejusque
747 2547 807 2606 filio

500 2635 561 2693 Nec
582 2650 639 2692 non
658 2634 772 2707 spiritui
794 2638 902 2705 sancto,

542 2719 661 2777 Ductori
683 2719 797 2790 eximio,

499 2807 588 2878 Quem
611 2805 739 2862 salvator
760 2803 926 2862 sublimavit

544 2891 724 2964 Sempitamo
746 2890 870 2948 saeculo.

214 3014 288 3062 Brev.
312 3026 359 3059 ms.
384 3009 435 3059 FP.
459 3009 486 3057 S.
506 3007 662 3071 Hieronymi
685 3009 748 3056 anui
776 3002 848 3056 1463.
879 3006 942 3058 Cod.
961 3008 1094 3056 Matriten.
1112 3008 1142 3056 Α.
1164 3003 1220 3056 169.
1237 3007 1269 3055 Α.
1288 3033 1320 3040 -

144 3083 236 3131 Dium.
262 3095 308 3130 ms.
328 3079 378 3129 FF.
398 3078 424 3127 S.
443 3078 600 3139 Hieronymi
619 3090 687 3125 saec.
707 3073 746 3125 15.
774 3076 835 3126 Ced.
855 3076 881 3125 S.
900 3075 1059 3125 Ferdinandi
1077 3075 1211 3124 Matriten.
1233 3071 1272 3124 13.
1291 3077 1320 3124 B.

144 3179 175 3186 —
202 3152 277 3199 Brev.
300 3148 350 3197 FF.
370 3148 396 3196 S.
416 3146 573 3208 Hieronymi
596 3147 658 3209 irnp.
677 3144 800 3210 Lugduni
826 3141 899 3194 1547.
918 3142 946 3194 C.
967 3170 998 3177 —
1018 3145 1093 3192 Brev.
1112 3144 1163 3193 FF.
1182 3144 1208 3193 S.
1228 3144 1321 3193 Hiero·

143 3220 215 3283 nymi
234 3221 295 3282 imp.
314 3218 541 3279 Caesaraugustae
565 3211 637 3264 1562.
656 3214 689 3263 D.
708 3239 741 3247 -
760 3212 819 3277 Vgl.
838 3213 916 3262 Mona
934 3213 983 3272 111,
1000 3208 1060 3262 338.

450 3451 511 3507 250.
539 3449 571 3507 ln
589 3447 786 3507 'translatione
804 3464 826 3507 s.
844 3444 1014 3517 Hieronymi.

616 3588 660 3642 Ad
678 3588 849 3643 Nocturnum.

393 3735 421 3792 1.
444 3731 554 3791 Chorus
576 3728 705 3788 fidelium
727 3734 834 3802 pangat
855 3725 977 3800 angelici

444 3816 543 3876 Sancti
566 3815 759 3888 praeconium,
782 3813 877 3887 magni
899 3811 1078 3886 Hieronymi,

443 3901 567 3961 Cultoris
590 3900 687 3973 eremi,
713 3899 808 3958 tidelis
831 3899 945 3958 Domini

486 3987 526 4045 Et
548 3987 673 4045 doctoris
696 3986 801 4044 eximii.

392 4111 421 4170 2.
444 4107 548 4166 Totum
570 4122 602 4164 se
624 4104 757 4179 praebuit
779 4104 834 4163 Dei
856 4103 983 4177 obseqio,

443 4195 514 4254 Cum
536 4192 673 4251 mundum
697 4190 792 4249 renuit
812 4190 899 4248 dante
920 4206 951 4248 sc
974 4187 1121 4261 monacho,

419 4292 422 4297 '
444 4279 525 4352 Quod
548 4277 604 4336 sibi
628 4276 758 4335 condidit
779 4280 808 4332 et
830 4275 889 4332 suis
910 4274 1034 4348 posteris

486 4367 576 4426 Juxta
598 4377 736 4436 praesepe
758 4360 883 4420 Domini.
