2918 4868
623 280 832 342 ..46-

437 457 466 515 5.
491 452 591 511 Gloria
614 452 676 530 tibi,
700 452 830 523 Domine,

494 539 548 609 Qui
570 545 653 596 natus
676 555 706 595 es
730 537 766 595 de
788 540 898 614 virgine

496 623 565 681 Cum
589 629 671 696 patre
694 630 721 680 et
744 631 842 682 sancto
866 625 970 697 spiritu

495 711 529 767 In
551 710 727 781 sempiterna
748 709 871 768 saecula.

206 828 281 877 Brev.
294 860 297 865 -
311 828 425 877 Oscensi·
455 832 481 878 et
509 829 637 878 Jaccensc
668 829 729 893 imp.
760 827 984 895 Caesaraugustae
1016 825 1090 879 1505.
1119 828 1150 878 Α.
1180 855 1212 863 -
1240 831 1316 878 Brev.

139 895 283 958 Sigenense
307 898 368 961 imp.
389 897 615 961 Caesaraugustae
640 893 712 946 1547.
731 897 761 946 B.
780 923 812 932 —-
831 894 859 956 2,
882 893 988 947 3Tnus
1006 913 1055 947 nos
1073 901 1215 962 conceptus
1235 898 1264 946 a.
1284 926 1316 933 -·

35 987 40 999 ·
141 960 165 1023 3,
188 962 200 1013 l
214 968 348 1014 nascimur
359 966 390 1015 Α.
404 992 434 999 -
449 963 473 1024 4,
492 962 508 1015 2
520 966 625 1014 Laudes
639 966 713 1015 foves
726 966 784 1027 AB;
803 967 874 1015 omni
888 968 950 1015 ritui
964 967 993 1027 B,
1012 981 1067 1016 was
1080 966 1191 1032 richtige
1204 966 1317 1016 Formen

140 1033 204 1082 abor
222 1033 318 1083 licineu
336 1032 402 1083 Sinn
421 1036 506 1100 giebt;
525 1035 568 1083 ich
585 1039 712 1093 vermute,
730 1032 788 1083 dass
807 1035 854 1083 der
870 1035 954 1084 Autor
972 1036 1038 1084 ritus
1055 1035 1124 1084 nach
1141 1034 1188 1083 der
1206 1037 1316 1084 aweiten

139 1102 242 1165 beugte.
262 1130 293 1138 —
313 1102 365 1152 Str.
384 1101 400 1151 5
418 1103 483 1151 fehlt
501 1105 529 1161 B,
548 1103 601 1151 und
620 1105 647 1152 in
665 1102 712 1151 der
729 1103 798 1152 That
815 1102 878 1152 liist
895 1103 951 1152 sich
970 1103 1051 1153 sehon
1066 1101 1118 1152 Str.
1136 1100 1154 1151 4
1171 1103 1211 1152 als
1224 1104 1314 1154 Doxo-

140 1170 211 1233 logio
230 1185 271 1219 au.
291 1197 324 1204 -
342 1168 371 1231 4,
391 1169 407 1220 5
425 1171 528 1220 scheint
546 1173 609 1220 aber
627 1170 760 1233 vorderbt,
783 1172 894 1223 einmal.
915 1171 976 1221 weil
993 1171 1040 1222 der
1057 1171 1224 1222 Schluisvers
1241 1172 1316 1220 nicht

138 1237 195 1287 dem
215 1240 336 1302 Hymnus
357 1239 378 1285 0
397 1240 510 1299 gloriosa
535 1241 645 1288 Domina
670 1240 789 1289 eutlehnt
814 1241 862 1297 ist,
886 1242 936 1289 wie
959 1242 987 1289 in
1011 1240 1062 1289 den
1085 1239 1317 1305 vorhergehenden

139 1306 278 1371 Strophcn,
298 1309 431 1368 aweitens,
451 1308 510 1357 wcil
528 1309 575 1357 der
591 1309 667 1357 Reim
685 1310 789 1373 stumpf,
808 1308 932 1377 willarend
950 1325 978 1358 er
996 1313 1070 1359 sonst
1087 1314 1151 1359 stets
1170 1308 1319 1373 zweisilbig

138 1376 180 1423 ist
216 1375 262 1425 Ich
280 1376 383 1426 mdchts
401 1376 482 1425 daher
499 1379 611 1434 melnen,
630 1392 658 1425 es
677 1378 716 1425 sei
734 1382 815 1426 etwas
836 1377 979 1427 Ahnlichas
997 1392 1029 1426 au
1048 1377 1121 1428 lesen
1138 1378 1200 1427 wie:

496 1463 578 1524 Patri,
596 1468 667 1523 nato,
688 1465 793 1528 spiritui

495 1532 600 1581 Laudes
619 1532 670 1581 fers
689 1533 774 1581 omnis
792 1534 862 1592 ritui,

494 1599 537 1648 Ex
554 1600 610 1664 ejus
629 1600 734 1650 stillans
752 1601 858 1650 nomine

495 1668 616 1718 Gloria
634 1668 711 1730 tibi,
729 1670 879 1719 Domine.
916 1667 1008 1717 Amen.

397 1849 439 1905 39.
474 1850 506 1907 ln
525 1848 751 1907 Sanctificatione
768 1848 959 1925 conceptionis
978 1851 1056 1911 BllV..

625 1971 668 2024 Ad
686 1971 827 2039 vesperas.

143 2094 171 2154 1.
195 2094 307 2168 Gaude,
331 2094 403 2153 fides
424 2095 575 2168 catholica,
753 2099 782 2155 4.
806 2096 887 2153 Haec
910 2095 1005 2153 Maria
1026 2095 1186 2173 vocabitur,

191 2180 231 2237 Et
253 2182 369 2239 revolve
392 2181 532 2258 devotius,
806 2182 838 2238 ln
862 2181 916 2238 hac
938 2180 1065 2253 quiescet
1084 2181 1213 2254 spiritns,

192 2266 304 2338 Quanta
326 2267 417 2324 virtus
439 2266 542 2324 deifica
806 2267 866 2341 Ait,
889 2267 997 2339 templo
1019 2265 1186 2343 morabitur,

188 2351 300 2410 Mariae
322 2350 392 2410 iecit
413 2352 548 2411 sanctius.
808 2352 957 2424 Concipiet
980 2351 1127 2413 divinitus.

139 2456 168 2513 2.
191 2454 291 2512 Primo
313 2455 390 2512 misit
414 2455 450 2512 de
472 2454 585 2527 superis
755 2459 782 2514 5.
806 2454 961 2514 Beatitudo
984 2454 1072 2512 ctiam

191 2540 332 2612 Angelum
355 2554 390 2597 en
413 2540 591 2612 parentibus
807 2540 904 2612 Ipsius
927 2541 983 2598 erit
1005 2537 1119 2598 feminis

197 2624 251 2694 Cui
273 2625 435 2698 indigentes
458 2624 558 2682 liberis
808 2626 918 2697 Sermo,
942 2632 1094 2698 praestans
1113 2626 1252 2684 laetitiam

193 2709 255 2766 Hos
277 2711 339 2767 unit
362 2727 378 2767 o
402 2709 584 2772 distantibus.
809 2711 907 2784 Usque
929 2711 957 2768 in
979 2712 1076 2771 mundi
1100 2712 1239 2772 terminis.

139 2812 166 2870 3.
192 2811 238 2869 Ac
260 2811 355 2869 statim
379 2811 450 2882 ipsis
473 2810 592 2883 indicat,
755 2817 783 2874 6.
808 2812 909 2870 Gloria
931 2812 994 2888 tibi,
1018 2812 1149 2887 Domine,

193 2895 311 2955 Gnatam
333 2902 428 2954 natam
451 2896 602 2969 attingere,
808 2898 861 2969 Qui
884 2898 1008 2956 Mariam
1030 2898 1194 2957 sanctificas

191 2983 286 3055 Atqno
311 2983 456 3058 maiorem,
481 2983 643 3054 praedicat,
808 2984 847 3041 Et
870 2990 919 3041 tuo
942 2988 1040 3041 sancto
1063 2983 1177 3042 nomine

191 3066 341 3140 Nunquam
364 3067 393 3124 in
416 3067 521 3125 mundo
543 3069 649 3127 vivere.
807 3069 909 3126 Totum
928 3069 1064 3127 mundum
1088 3068 1227 3130 vivificas.

207 3188 282 3236 Brcv.
309 3203 356 3235 rus.
376 3186 547 3237 Gerundenae
564 3202 632 3236 sace
652 3183 720 3236 ¹⁴lm.
740 3186 803 3237 God.
823 3189 907 3253 Capit
927 3188 1074 3238 Gerunden.
1092 3184 1117 3238 3.
1135 3213 1167 3222 -
1186 3188 1238 3238 Die
1256 3188 1319 3237 Aut*-

139 3254 232 3304 schrift
257 3257 293 3304 ist
316 3255 374 3304 dein
393 3256 515 3305 Breviore
534 3256 660 3305 ontlehnt
697 3256 742 3305 Sic
761 3256 844 3306 lautet
862 3256 933 3305 dort:
957 3258 1075 3306 infesto
1095 3255 1319 3306 Sanctifloationia

110 3348 113 3355 ·
137 3325 325 3388 Conceptionis
344 3325 426 3374 BMV.

394 3503 440 3560 40.
475 3505 506 3561 ln
525 3505 753 3563 sanctificatione
773 3504 964 3578 conceptionis
982 3506 1061 3562 BllV.

603 3628 645 3681 Ad
664 3628 836 3682 Nocturnum.

140 3751 167 3809 l.
192 3752 342 3809 Laudetur
362 3753 439 3810 Dens
462 3753 593 3823 celebris,
754 3756 782 3814 3.
807 3755 901 3826 HuJus
924 3752 1028 3810 festum
1050 3752 1092 3810 sic
1115 3753 1224 3825 patuit:

191 3837 265 3895 Nam
288 3854 370 3895 suurn
394 3839 568 3897 domicilium
808 3838 929 3910 Quidam
952 3854 1033 3898 marc
1055 3838 1205 3895 occiduum

191 3923 257 3994 lpse
279 3923 350 3981 lavit
372 3941 389 3981 a
411 3925 537 3982 tenebris
806 3924 999 4000 Navigabam,
1022 3928 1051 3981 et
1073 3924 1176 3981 tumuit

190 4010 223 4068 In
247 4009 368 4066 salntem
392 4010 578 4069 credentium.
807 4011 932 4083 Tempus
956 4025 1043 4082 grave
1066 4015 1096 4066 ct
1118 4025 1247 4069 nocuum.

138 4114 166 4172 2.
192 4110 344 4169 Columnas
367 4118 476 4183 septem
500 4112 604 4183 posuit,
754 4098 783 4175 4.
806 4112 926 4171 Sanctos
948 4112 1003 4170 Dei
1027 4112 1055 4168 ni
1073 4106 1225 4169 'clamitant

193 4197 266 4255 Sunt
288 4201 398 4268 septem
422 4199 497 4255 donc
519 4197 647 4270 spiritus,
808 4197 870 4255 Nec
894 4199 1017 4257 donatur
1039 4197 1185 4272 auxilium,

191 4281 260 4352 Qnis
282 4279 413 4339 firmatur
434 4299 488 4340 nec
510 4283 617 4340 corruit
811 4284 867 4342 Sed
891 4288 958 4356 post
980 4283 1102 4341 Mariam
1125 4282 1273 4356 pulsitant,

191 4366 305 4426 Mariae
326 4367 430 4426 mentis
452 4368 576 4428 habitus
810 4367 888 4427 Deus
910 4368 988 4426 misit
1010 4374 1078 4426 tnnc
1099 4367 1239 4430 nuntium.
