2918 4868
677 255 913 324 —118-

269 430 329 494 Sed
351 436 401 496 lux
422 435 452 494 in
474 433 549 493 nube
572 434 684 512 claruit,

270 521 413 580 Incutitur
433 535 486 579 nee
504 520 604 580 timuit

311 607 444 666 Frivolas
467 607 602 668 rationes.

215 712 244 771 2.
268 709 400 768 Culmina
420 724 559 781 spernens
581 707 661 784 regia

264 794 378 854 Relicta
401 795 517 853 tandem
539 795 635 868 patria

310 879 480 952 Caprasium
502 886 637 955 securtur,

265 965 441 1025 Perveniunt
462 981 516 1038 per
536 981 661 1039 aequora

267 1051 314 1111 nd
338 1051 507 1110 Ravennata
528 1051 613 1110 litora

309 1135 411 1210 Ibique
434 1135 607 1210 baptizatur.

213 1241 241 1300 3.
265 1238 340 1298 Fide
360 1237 459 1296 firmus
481 1239 623 1298 catholica

268 1322 391 1384 Jubetur
412 1324 572 1397 apostoliea

311 1408 413 1469 Jaeobi
436 1409 556 1483 visione,

266 1495 335 1553 Mox
355 1495 411 1553 iter
432 1502 465 1553 ut
485 1497 607 1571 arripiat

268 1579 308 1639 Et
330 1580 469 1639 liarolum
493 1582 598 1654 eripiat

309 1665 353 1723 Ilo
376 1665 449 1725 dura
471 1667 611 1741 captione.

317 1836 643 1899 launomarus.

398 1954 577 2020 Antiplronae.

216 2060 243 2121 1.
268 2060 382 2118 Ardens
402 2066 435 2118 ut
455 2059 528 2132 ignis
551 2058 646 2119 facula

266 2145 396 2205 Virtutes
419 2151 447 2203 et
469 2144 608 2205 miracula

309 2230 487 2304 Frequentat
510 2232 555 2290 vir
577 2231 701 2310 divinus,

264 2317 356 2375 Tacta
379 2317 458 2389 enjus
481 2317 602 2390 origitur

266 2401 307 2460 Et
327 2402 466 2474 sospitate
489 2400 596 2461 fruitur

309 2486 421 2545 Debilis
443 2487 595 2551 Anolinus

214 2592 242 2649 2.
266 2591 420 2662 Postquam
442 2590 585 2648 coelorum
607 2591 708 2650 intima

268 2674 405 2734 Penetrat
426 2673 526 2733 fratris
547 2677 651 2752 anima,

310 2760 456 2818 Tristatur
477 2761 658 2834 Honoratus;

270 2845 343 2905 lude
365 2846 470 2903 transit
492 2846 657 2920 caprasius,

267 2931 414 2990 Remansit
437 2932 593 3005 solitarius,

310 3018 418 3076 Amens
440 3024 470 3074 et
493 3018 645 3080 desolatus.

214 3122 242 3180 3.
269 3121 388 3179 Irruunt
408 3135 493 3180 saeve
516 3118 639 3180 fustibus

267 3205 307 3264 Et
328 3212 474 3264 maeerant
496 3206 663 3265 verberibus

309 3291 381 3349 Tres
404 3308 467 3350 eum
488 3293 662 3363 Manichaei,

266 3376 436 3448 Serpentum
460 3379 489 3435 in
511 3378 640 3451 pericula

267 3462 299 3520 In
321 3463 464 3522 Lirinensi
485 3464 578 3522 insula

288 3547 443 3620 Expouunt
466 3549 556 3608 virum
579 3549 643 3609 Dei.

346 3719 385 3778 ln
408 3720 615 3782 Laudibus.

396 3838 571 3904 Antiplronae.

217 3947 244 4006 l.
268 3943 432 4002 Honoratus
456 3943 637 4015 christicola,

267 4029 381 4089 Primus
404 4030 544 4087 exsistens
565 4030 660 4089 iueola

305 4115 420 4173 Insulae
441 4115 610 4188 Lirinensis,

267 4201 366 4259 Crevit
387 4216 501 4274 semper
523 4202 553 4259 in
576 4203 686 4273 molius,

267 4283 422 4358 Relulgens
445 4287 523 4344 velut
546 4288 643 4346 radius

307 4371 470 4430 Virtutibus
492 4373 645 4432 immensis.

828 436 858 496 2.
881 433 946 492 Jam
968 434 998 491 in
1020 433 1129 494 Christi
1150 434 1268 492 servitio

883 519 996 579 Crescit
1015 536 1090 578 nova
1112 519 1253 593 plantatio

923 604 1092 663 Sanctorum
1115 606 1325 683 monachorum,

882 689 974 749 Fama
994 690 1131 767 discurrit
1153 691 1273 764 longius,

883 775 953 834 l⁷isa
975 775 1080 849 probat
1100 776 1246 850 Eugenius

924 863 1006 935 Papa
1027 878 1120 920 moros
1142 862 1265 923 illorum.

831 966 859 1023 3.
883 963 991 1022 Orante
1014 964 1068 1023 Dei
1091 961 1198 1024 famulo

882 1050 938 1109 Per
960 1049 1036 1108 hune
1056 1066 1088 1109 se
1109 1051 1183 1123 petit
1204 1051 1305 1110 sedulo

925 1134 1064 1194 Vesianus
1083 1135 1188 1208 juvari,

882 1221 931 1279 Au
953 1220 1102 1280 Arelatum
1125 1228 1262 1294 properat

882 1305 1069 1380 Divisumque
1090 1306 1217 1366 acelerat

924 1389 1066 1464 Populum
1088 1393 1219 1452 adunari.

830 1497 859 1553 4.
883 1494 1037 1567 Postquam
1057 1495 1184 1568 placavit
1206 1496 1355 1570 populum,

880 1580 929 1638 Ad
951 1581 1067 1640 Vesiani
1088 1582 1230 1640 tumulum

927 1666 1067 1724 Oraturus
1089 1668 1221 1744 accessit,

882 1749 994 1809 Obtulit
1015 1752 1197 1827 sacrificium,

883 1835 922 1894 Et
945 1834 1144 1897 deiunctumm
1166 1839 1290 1897 omnium

926 1923 990 1983 Vox
1012 1922 1109 1983 Amen
1132 1925 1176 1983 bis
1198 1925 1353 1998 expressit.

832 2030 860 2083 5.
884 2023 953 2082 Viso
976 2031 1056 2084 tanto
1078 2027 1217 2087 miraculo

882 2112 907 2167 A
932 2110 1009 2169 clero
1031 2128 1097 2171 mox
1120 2118 1150 2170 et
1170 2113 1276 2187 pupulo

926 2197 1059 2256 Pontifex
1082 2199 1264 2271 etelectus,

883 2280 940 2339 Sed
964 2282 1012 2355 qui
1035 2282 1160 2343 faustum
1182 2285 1351 2358 reliquerat,

883 2366 1001 2427 Talibus
1024 2387 1079 2428 non
1104 2369 1294 2443 obtemperat,

925 2452 1024 2512 Donee
1045 2453 1101 2513 fuit
1120 2463 1276 2517 correctus.

992 2587 1032 2638 Ad
1050 2589 1216 2640 Benedictus.

817 2695 855 2752 A.
878 2692 1048 2752 Sanctitatis
1071 2695 1154 2753 titulo

924 2778 1000 2837 Mire
1023 2778 1173 2839 decoratus

884 2861 1008 2923 Bofulsit
1029 2864 1059 2924 in
1082 2867 1188 2940 populo

926 2950 1043 3009 Praesul
1066 2952 1239 3025 Honoratus,

882 3034 936 3106 Qui
958 3036 1057 3096 vivens
1080 3038 1109 3095 in
1131 3038 1245 3098 saeculo

926 3121 977 3179 Vir
997 3138 1105 3180 summe
1127 3122 1228 3184 beatus

881 3206 959 3279 Ignis
982 3205 1012 3265 in
1035 3207 1165 3268 vehiculo

882 3291 1017 3350 Fratrum
1038 3293 1067 3351 in
1091 3294 1217 3369 capitulo

926 3377 1012 3436 Stetit
1032 3384 1253 3454 transportatus.

853 3548 909 3606 Ad
932 3549 1056 3608 Horas
1079 3551 1342 3626 antiphonae.

1010 3667 1050 3718 Ad
1067 3668 1190 3719 Primam.

880 3771 943 3830 Lux
967 3772 1045 3830 clare
1064 3772 1147 3831 nobis
1169 3773 1272 3832 claruit

922 3857 1039 3916 Honore
1061 3860 1133 3917 tanti
1155 3859 1221 3931 viri,

881 3943 934 4014 oni
959 3941 1159 4003 defunctorum
1181 3945 1286 4003 meruit

922 4029 1054 4088 Clamore
1076 4030 1203 4103 sepeliri.

1009 4183 1049 4232 Ad
1067 4185 1192 4234 Tertiam.

882 4289 1047 4347 Honoratus
1069 4291 1229 4364 suscipiens

925 4375 1029 4434 Curam
1053 4376 1195 4433 commissi
1214 4376 1321 4449 gregis,
