2918 4868
624 248 835 310 ..63-

210 424 311 481 Almus
334 423 437 496 iulans,
462 424 506 482 uir
527 421 683 498 perlectus,

249 515 360 585 martyr
381 517 483 582 potens
506 509 636 580 Blasins3

145 595 177 655 V.
211 595 266 666 Qui
285 595 398 666 juvenis
421 593 514 654 iactus

250 698 366 754 magnos
391 680 519 739 excrevit
540 680 569 738 in
592 687 682 743 actus.

153 786 181 842 2.
205 782 288 841 Felix
310 789 421 859 martyr
442 784 577 857 pretiose,

205 869 291 927 Miles
315 868 422 928 Christi
444 869 576 944 gloriose,

206 952 312 1013 Confer
334 954 415 1013 uobis
438 955 608 1031 relevamen,

206 1038 286 1098 Dans
308 1040 434 1113 aegrotis
456 1040 650 1111 medicamen3

143 1124 175 1187 V.
206 1124 302 1184 Ablue
323 1130 484 1185 nostrorum

248 1211 383 1284 precibus
404 1212 504 1270 sordes
527 1210 669 1270 vitiorum.

153 1317 181 1373 3.
205 1313 268 1371 Deo
289 1314 394 1372 multos
416 1312 611 1385 convertebat,

205 1399 348 1459 Oberraro
368 1415 437 1472 quos
457 1398 584 1470 videbat,

206 1485 309 1557 Aegris
335 1501 435 1543 manus
455 1483 618 1556 imponebat

206 1571 301 1643 Atque
323 1586 407 1628 sanos
431 1568 564 1640 iaciebat,

205 1655 349 1725 Universi,
371 1655 420 1728 qui
442 1653 579 1713 videbant

206 1741 294 1813 Signa
316 1741 385 1817 ejus,
409 1739 617 1812 obstupebant,

141 1827 175 1885 V.
206 1826 419 1898 Adspeotautes
441 1827 503 1897 ejus
525 1825 606 1898 signa

204 1911 407 1984 Loquebantur
426 1911 488 1971 Deo
510 1910 606 1983 digua.

253 2119 294 2176 Iu
317 2119 345 2177 2.
370 2115 574 2178 Nocturna.

334 2234 508 2300 Antiphonae.

153 2341 180 2399 1.
203 2339 315 2411 Quanta
337 2339 415 2398 Deus
437 2342 499 2413 ejus
523 2356 610 2415 prece

245 2423 315 2484 lecit
340 2424 492 2499 mirabilia,

203 2510 295 2583 Saepe
316 2512 389 2570 vidit
412 2518 497 2585 atque
519 2512 605 2572 sentit

247 2594 340 2656 tidelis
364 2598 496 2659 ecclesia.

150 2702 179 2761 2.
206 2699 280 2759 Nam
303 2699 422 2760 infirmis
445 2703 507 2774 ejus
529 2717 615 2776 prece

247 2792 424 2845 restauratur
443 2788 561 2860 sanitas,

196 2871 330 2946 Languor
352 2871 425 2947 fugit
444 2878 529 2946 atque
552 2872 631 2933 veuit

245 2964 344 3031 optata
362 2959 536 3030 jucunditas.

149 3063 178 3120 3.
202 3060 306 3119 Sancte
327 3061 417 3134 Blasi,
440 3066 471 3119 tu
493 3080 546 3137 pro
568 3063 650 3122 uobis

245 3161 345 3219 preces
365 3144 453 3206 laude
475 3149 607 3226 Domino,

202 3233 243 3291 Ut
264 3231 405 3305 possimus
427 3235 570 3294 exsultare

244 3324 337 3377 tecum
360 3318 421 3377 sine
444 3320 575 3383 termino.

309 3475 495 3540 Responsoria

150 3575 176 3634 1.
201 3578 310 3637 Videns
332 3581 370 3639 ad
393 3597 423 3639 se
445 3581 591 3640 venientes

245 3662 376 3737 pontifex
398 3666 592 3726 sanctissimus

200 3749 293 3807 Deum
316 3752 387 3811 coeli
407 3753 527 3811 laudans
549 3753 617 3812 indo

243 3832 337 3894 lactus
358 3844 402 3895 est
423 3838 611 3912 laetissimus,

136 3920 169 3980 V.
201 3921 345 3981 Christum
368 3940 459 3997 prope
477 3925 537 3998 jam
557 3925 675 4000 sciebat,

199 4007 323 4079 ideoque
346 4009 550 4084 oougandebat.

145 4111 174 4168 2.
199 4109 325 4169 Sonabat
347 4111 483 4190 homines,

240 4195 361 4255 sanabat
383 4197 499 4270 bestias,

198 4279 355 4352 Depellcns
377 4283 413 4342 ab
436 4284 507 4356 ipsis

236 4382 333 4425 omnes
356 4369 511 4450 molestias,

824 423 961 484 Omnibus
983 420 1093 496 proluit

869 510 930 581 ejus
952 507 1054 580 oratio,

824 595 931 653 Nostra
952 594 989 651 sit
1011 608 1064 666 per
1086 609 1149 652 eum

863 679 893 738 in
916 679 1003 738 coelis
1024 679 1135 753 portio;

760 766 796 826 V.
827 766 897 825 Orat
919 764 1033 824 fervens
1056 764 1184 835 caritate,

823 852 930 924 Magna
951 850 1053 922 plenus
1076 849 1193 922 pietate.

769 990 799 1049 3.
822 987 937 1061 Martyr
957 985 1061 1059 gaudet
1084 985 1113 1045 in
1136 985 1244 1056 dolore,

820 1072 928 1134 Christi
950 1070 1041 1130 lervet
1061 1071 1092 1129 in
1113 1085 1219 1141 amoro,

821 1159 853 1218 ln
878 1158 978 1217 dolore
1000 1155 1186 1228 confortatur,

820 1245 854 1302 Iu
875 1260 971 1303 amore
996 1242 1163 1315 roboratur;

757 1328 790 1390 V.
821 1329 893 1402 lelius
916 1328 998 1388 nobis
1021 1327 1184 1401 suffragium

820 1415 899 1474 Coeli
922 1415 1008 1474 donet
1030 1413 1178 1488 palatium.

872 1638 965 1699 1113.
989 1637 1193 1698 Nocturna.

947 1773 1124 1839 Anuphonae.

766 1893 795 1954 1.
819 1894 891 1966 Ejus
914 1911 999 1969 prece
1020 1895 1132 1954 mulieri

862 1980 993 2040 damnum
1019 1981 1188 2054 restituitur,

819 2066 1017 2140 Pristinaeque
1039 2067 1156 2127 sanitati

861 2168 946 2212 sanus
968 2152 1052 2211 homo
1075 2152 1216 2211 redditur.

765 2288 794 2348 2.
817 2287 925 2347 Laesus
948 2289 1032 2362 spina
1049 2289 1211 2365 gratulatur

859 2373 949 2447 ipsius
971 2373 1105 2448 suffragio

819 2459 906 2519 Pulso
928 2462 990 2535 ejus
1013 2459 1142 2519 cruciatu

859 2561 894 2604 uc
916 2546 1016 2606 dolore
1038 2545 1133 2605 nimio.

764 2685 793 2743 3.
818 2683 884 2743 Stat
905 2699 1022 2744 securus
1044 2682 1259 2757 superandam

859 2767 929 2828 felix
951 2776 1061 2844 martyr
1081 2768 1204 2841 Blasius,

817 2854 909 2914 Deum
931 2855 1053 2915 laudans
1074 2860 1103 2913 et
1126 2855 1282 2930 exsultans,

855 2941 915 3012 jam
939 2956 1060 3000 coronae
1082 2941 1220 3003 conscius.

940 3095 1125 3159 Responsoria.

764 3216 792 3276 1.
816 3214 976 3274 Decoratns
999 3216 1114 3288 praesul
1137 3232 1219 3275 sacer

857 3299 971 3359 Blasius
993 3301 1131 3374 martyrio

814 3385 854 3445 Et
875 3385 905 3444 in
926 3386 1032 3445 Christi
1055 3392 1155 3461 regnat
1179 3385 1249 3448 lelix

863 3470 948 3530 boeto
974 3473 1125 3550 consortio,

751 3556 785 3616 V.
816 3556 942 3616 Contulit
963 3567 1098 3618 aeternae

857 3642 936 3701 Deus
958 3644 1003 3702 illi
1020 3644 1125 3718 gaudia
1147 3643 1232 3702 vitae.

763 3781 791 3841 2.
815 3780 935 3840 Praeses
957 3797 1078 3854 nequam
1101 3777 1216 3839 fervens
1237 3779 1280 3838 ira

816 3864 1014 3924 Provolventlo
1036 3881 1131 3923 secum
1153 3865 1226 3935 dira,

814 3949 922 4024 Magna
943 3951 1045 4023 plenus
1067 3950 1167 4028 rabiei,

813 4034 965 4109 Cogitabat
989 4036 1081 4096 mrum
1103 4035 1158 4094 Dei

811 4119 947 4180 Cruciarc
969 4137 1022 4194 per
1044 4127 1185 4180 tormenta

813 4205 852 4263 Et
872 4222 926 4279 per
947 4206 1042 4266 carnis
1066 4207 1253 4275 detrimenta,

813 4290 870 4350 Sed
898 4307 949 4350 rex
970 4293 1042 4353 coeli
1065 4290 1254 4351 conservabat

813 4376 897 4436 Illum
919 4383 1005 4452 atquo
1026 4377 1188 4438 roborabat
