2918 4868
624 249 836 313 ..91-

207 425 233 481 A
256 421 388 482 nefandis
411 423 581 484 decoliuodu

251 509 320 567 Cum
343 509 443 567 turmis
464 508 589 568 fidelium

207 594 246 652 Et
268 595 297 653 in
319 595 406 652 coelis
429 596 593 654 coronanda

251 679 321 738 Cum
344 680 455 739 choreis
476 680 634 754 virginum3

145 766 179 827 V.
202 765 283 823 Mors
305 766 334 824 in
357 765 443 824 vitum
466 765 646 825 terminuudu

208 850 247 909 Et
268 867 286 908 e
306 851 413 910 sanetis
436 851 629 924 exspectuudu

251 937 283 994 Iu
307 936 392 994 terris
415 936 580 996 viventium.

260 1160 357 1220 1112.
382 1159 588 1221 Nocturno.

341 1277 516 1344 Antiphouae.

159 1400 186 1459 1.
211 1399 332 1473 Veritas,
356 1401 544 1459 mansuetudo

209 1487 303 1559 Atque
325 1486 429 1544 mentis
451 1486 594 1544 rectitudo

251 1570 440 1630 Deduxemnt
461 1572 610 1630 Eurosiem

252 1657 299 1714 Ad
321 1656 422 1714 summi
441 1657 532 1729 petris
548 1657 705 1715 dexterum.

158 1780 187 1837 2.
211 1777 242 1833 iu
264 1776 325 1847 ejus
348 1772 516 1834 fortitudine

254 1861 325 1920 Sunt
349 1871 458 1919 montes
480 1861 650 1932 conturbati,

211 1948 289 2018 Quae
308 1947 368 2018 jum
391 1955 435 2003 est
456 1965 474 2005 a
496 1944 648 2005 tormidine

254 2032 330 2089 Doto
352 2032 508 2090 securitati.

159 2154 187 2211 3.
212 2152 291 2209 Haec
313 2157 357 2208 cst
380 2152 483 2225 regulis
506 2152 616 2223 civitas,

164 2238 171 2257 ‘
213 2237 291 2294 Haec
315 2238 418 2294 montis
440 2238 507 2296 Sion
530 2239 687 2313 summitas,

250 2326 338 2393 Quem
363 2323 503 2394 aquilonis
525 2323 617 2382 iutern

252 2409 316 2465 Non
340 2408 484 2466 violarunt.
505 2416 613 2469 extero.

338 2579 523 2641 Responsoria.
611 2617 613 2620 .

163 2699 189 2757 1.
214 2699 299 2772 Regis
321 2706 388 2759 nuta

214 2785 367 2861 Roboretu,

214 2870 271 2943 Spc
293 2869 415 2942 firmato,

260 2957 367 3015 Poenus
390 2973 445 3014 non
466 2955 626 3031 obhorruit,

215 3040 355 3119 Deiicutn,

216 3127 277 3184 Deo
299 3136 389 3204 prote,

215 3213 303 3270 Morti
325 3212 393 3271 datu

259 3297 408 3355 Solotenus
431 3298 546 3363 oormit,

152 3384 186 3444 V.
218 3382 377 3455 Adornutu,

216 3467 339 3540 Sociam,

216 3555 368 3626 ridumutu,

163 3765 192 3825 2.
218 3761 282 3820 Puri
304 3768 382 3818 sorte

259 3846 330 3904 naec
353 3863 415 3904 cum
438 3843 547 3904 familia

217 3933 377 3991 Comitunte

256 4019 285 4075 in
308 4014 528 4093 menstruum,

218 4105 408 4176 Asperuundo

261 4190 400 4261 promissa
422 4189 491 4248 vilis

218 4274 280 4331 Nec
301 4276 448 4347 promissis

262 4375 315 4417 uec
336 4361 420 4418 minis
442 4359 576 4434 flectitur,

757 424 792 484 V.
822 423 879 484 cor
901 421 1042 481 sincerum

862 505 930 565 forti
951 509 1109 567 constantie

820 593 932 651 Tenens
954 593 1062 653 Christi

862 678 952 737 umori
974 679 1108 740 nectitur.

768 783 798 842 3.
821 780 944 854 Expieto
967 780 1061 839 cernis
1083 797 1170 840 ouere

865 866 1010 925 Alleviatu
1030 868 1165 926 convolat

821 952 869 1012 Ad
892 951 1036 1010 Christum
1059 952 1274 1025 detumuere,

863 1037 944 1109 Quod
959 1043 1026 1095 unte
1040 1044 1161 1096 mortem
1176 1040 1317 1112 postulet3

822 1123 912 1182 Beato
933 1124 1040 1196 gaudet
1061 1121 1161 1182 funere

864 1208 1011 1268 Jeceeusis
1032 1208 1102 1266 urbs
1125 1214 1154 1267 et
1171 1209 1286 1284 jubilet,

759 1295 793 1356 V.
823 1294 887 1353 Hoc
909 1294 1005 1354 divino
1028 1293 1059 1352 fit
1081 1310 1178 1368 opere,

865 1380 940 1452 quod
963 1379 1025 1437 inus
1044 1381 1120 1454 jugis
1142 1380 1278 1440 intitulat.

884 1552 923 1609 ln
944 1554 971 1611 3.
997 1550 1201 1614 Nocturuo.

952 1667 1128 1734 Antiphouue.

721 1767 723 1770 ’
772 1774 800 1833 1.
825 1772 900 1830 Deos
922 1787 985 1830 esse
1007 1774 1165 1847 doemonia,

866 1857 940 1916 Dum
963 1858 1043 1932 virgo
1064 1865 1249 1939 protestatur,

824 1943 953 2002 Excusso
976 1944 1070 2003 curuis
1090 1946 1174 2018 puieu

866 2027 922 2088 Pro
944 2029 1059 2090 Christo
1082 2031 1245 2092 ventiletur.

772 2134 801 2193 2.
825 2131 935 2190 Multae
957 2133 1101 2191 laetentur
1122 2132 1242 2206 insulae,

868 2217 1004 2276 Luetetur
1025 2223 1055 2275 et
1075 2217 1221 2294 Bohemin

823 2302 923 2362 Gentis
946 2320 1063 2376 prorsus
1085 2303 1251 2363 incredulae

866 2388 965 2448 Omnis
987 2389 1063 2448 absit
1085 2388 1271 2464 blasphemio.

773 2495 801 2552 3.
826 2491 980 2549 Exsultent
999 2493 1053 2550 rivi
1076 2490 1192 2552 flumine

867 2578 907 2635 Et
928 2581 1037 2636 montes
1061 2579 1201 2652 Pyrenaei

828 2663 859 2722 lu
882 2662 1001 2737 virginis
1023 2663 1165 2737 magneiiu

868 2747 908 2806 Et
928 2748 958 2806 iu
981 2756 1134 2822 conspectu
1157 2748 1220 2808 Dei.

948 2883 1134 2948 Responsoriu„

777 2971 802 3029 1.
829 2970 1027 3029 Putrociuetur
1049 2970 1143 3029 vulide

869 3056 935 3114 Toti
961 3072 1078 3128 prorsus
1101 3054 1222 3114 confinio

829 3141 917 3214 Virgo
939 3141 1053 3200 virtutis
1075 3139 1214 3212 fervidus,

872 3226 911 3286 Ut
932 3232 1045 3285 resonm
1067 3225 1164 3300 opinio

872 3312 1073 3371 Perscrutuute
1092 3311 1245 3387 scrutinio;

766 3399 801 3458 V.
833 3399 932 3460 Pestes
953 3396 1112 3456 abscedunt
1134 3398 1229 3456 variae

828 3484 867 3542 Et
890 3483 987 3543 ciudes
1008 3480 1183 3542 multiiuriue

873 3569 966 3642 ipsius
988 3567 1158 3643 patrocinio.

258 3641 347 3712 Quom
371 3639 501 3698 Christus
524 3641 675 3713 concupiit.
776 3673 805 3733 2·
829 3671 902 3730 Dum
925 3678 1009 3744 pam
1030 3672 1103 3730 hanc
1124 3673 1272 3745 pmposuit

872 3758 999 3816 Terreuo
1021 3758 1090 3816 dure
1112 3757 1223 3831 nuptui,

829 3843 959 3902 Christus
981 3858 1043 3903 eum
1065 3842 1204 3916 disposuit

872 3928 996 3990 coelesti
1017 3927 1180 4000 coelibatui,

827 4015 918 4089 Quum
939 4015 1025 4074 etium
1047 4014 1180 4087 exposuit

873 4100 1064 4175 Meliguorum
1087 4097 1248 4176 conflictui3

768 4187 800 4246 V.
831 4186 978 4246 Pictoreta
1000 4185 1153 4245 virtutibus

832 4272 943 4331 Divinis
965 4287 1070 4346 pareus
1092 4270 1206 4329 nutibus

873 4358 957 4418 Omni
977 4373 1009 4416 se
1029 4356 1110 4416 dedit
1131 4354 1210 4413 ictui.
