2918 4868
619 267 850 334 -103-.-

142 445 173 504 3.
197 442 316 516 Linquit
337 447 441 521 castra,
463 443 536 516 petit
558 450 646 521 astra,
759 448 788 505 5.
812 445 891 504 Ordo
916 445 1040 505 chordae
1062 446 1175 519 plantat
1197 448 1285 507 corde

240 529 387 602 Supernaa
410 528 479 587 data
500 528 625 601 gloriae3
853 531 993 604 Replatus
1014 532 1102 590 corde
1125 533 1253 610 coelitus,

196 612 273 687 Quid
293 613 430 685 turbaris,
453 614 597 689 irascaris,
812 615 892 674 Dans
914 623 1022 689 optata,
1047 616 1119 675 dans
1141 623 1268 694 captata,

240 697 708 775 HostisHerodesimpie?
856 702 959 775 Veni,
976 703 1325 776 creatorspiritns.

145 804 176 862 4.
199 800 319 861 Scandit
342 802 445 874 coelos,
469 807 566 860 cantat
587 803 677 861 melos
760 805 789 863 6.
812 802 918 861 Sancta
940 802 1036 877 Clara,
1058 820 1186 862 mensam
1208 821 1280 879 para

241 887 351 948 Chorus
373 893 536 946 sanctarum
556 887 706 965 virginum,
855 888 975 962 Antiqui
997 904 1108 947 memor
1129 887 1242 963 ferculi,

199 970 315 1031 Gaudet
338 972 414 1031 alma
435 979 549 1046 sumpta
570 974 674 1051 palma,
814 973 889 1032 Para
910 973 1010 1048 dapes,
1033 991 1104 1048 quas
1125 975 1195 1034 dant
1217 992 1296 1049 apes,

239 1057 346 1133 lesu,
363 1074 503 1116 corona
518 1059 708 1132 virginum.
855 1058 962 1132 lesu,
978 1061 1324 1123 salsatorsaeculi.

479 1161 507 1224 7.
529 1159 611 1234 Quod
632 1160 777 1233 implorat,
799 1160 876 1232 qnod
896 1166 997 1220 exorat

569 1245 718 1305 Francisci
741 1245 812 1304 haec
833 1244 952 1318 familia,

529 1331 594 1390 Cito
617 1331 686 1390 dato
708 1331 796 1390 corde
816 1336 907 1405 grato.

568 1417 737 1475 Aeterns
758 1417 856 1474 coeli
878 1416 1017 1490 gloria.

212 1533 285 1584 Orat.
311 1550 359 1584 ms.
384 1534 590 1584 Franciscanum
615 1549 685 1585 saec.
713 1530 752 1584 15.
778 1534 954 1586 Privatbeaitu
981 1538 1010 1586 in
1034 1536 1171 1588 valencia.
1197 1564 1228 1573 --
1249 1535 1280 1598 l,
1305 1533 1323 1587 2

142 1602 277 1653 Veterum.
294 1629 329 1638 -
345 1599 371 1665 3,
388 1599 406 1653 3
423 1603 487 1665 quid
505 1605 637 1654 irascaris.

547 1767 604 1826 154.
638 1769 678 1827 Da
696 1769 793 1826 sancto
807 1768 913 1827 Diana.

631 1890 676 1945 Ad
693 1890 835 1959 vesperas.

144 2015 173 2075 l.
198 2015 304 2088 Pange,
329 2015 435 2091 lingua,
457 2016 640 2089 praedatoris
757 2019 787 2081 4.
810 2015 935 2076 Verbum
959 2014 1030 2075 dicit
1051 2021 1118 2073 nato
1140 2014 1205 2092 Dei,

242 2099 340 2159 Sancti
358 2102 562 2173 poeniteutiam
854 2101 898 2159 De
919 2118 975 2174 quo
997 2107 1029 2158 tu
1051 2100 1217 2165 miraberis:

200 2185 297 2258 Atque
318 2187 408 2245 nostri
430 2186 621 2261 redemptoris
811 2186 943 2259 Domine,
966 2191 1107 2243 memento
1129 2186 1194 2263 mei,

241 2271 412 2331 immensam
434 2273 624 2345 clementiam,
852 2271 927 2330 Dum
949 2273 978 2329 in
1002 2286 1120 2344 regnum
1142 2272 1276 2347 veneris3

197 2354 238 2415 Ut
260 2372 295 2414 ex
317 2354 387 2416 fletu
408 2359 568 2431 peccatoris
811 2356 978 2429 Respondet
1000 2357 1166 2430 redemptor
1186 2356 1245 2418 rei:

242 2441 341 2500 Sumat
362 2444 426 2516 quis
446 2443 591 2504 fiduciam.
853 2442 949 2500 Hodie
970 2440 1139 2504 salvaberis.

142 2545 174 2606 2.
198 2542 289 2602 Nobis
311 2545 341 2603 iu
364 2546 525 2617 exemplum
547 2546 630 2603 datus
759 2549 788 2607 5.
811 2543 934 2603 'lantum
957 2560 1024 2617 ergo
1046 2541 1239 2602 confessorem

240 2629 363 2688 Fructus
384 2631 585 2704 poenitentiae,
855 2629 1031 2689 Veneremur
1051 2628 1186 2688 laudibus

198 2712 240 2773 Ut
261 2731 343 2772 nemo
364 2716 403 2774 sit
425 2717 593 2789 desperatus
811 2714 850 2772 Et
872 2732 1014 2774 sumamus
1036 2721 1238 2789 protectorem,

241 2801 463 2873 consequendae
485 2802 593 2877 veniae,
858 2802 900 2862 Ut
920 2805 1069 2859 succurrat
1091 2801 1222 2860 omuibus

199 2884 451 2959 Quantumcunque
470 2887 628 2947 maculatus
811 2887 907 2959 Atque
929 2891 1028 2944 exoret
1050 2886 1261 2959 redemptorem

240 2971 394 3044 Multiplici
419 2972 545 3031 crimine.
856 2973 913 3031 Pro
934 2971 1040 3030 nostris
1063 2971 1241 3036 criminibus.

144 3075 176 3133 3.
199 3072 233 3131 ln
248 3090 399 3146 supremae
420 3075 497 3133 vitae
518 3074 600 3146 hora,
761 3076 790 3136 6.
814 3073 903 3132 Trino
926 3075 987 3133 Deo
1010 3074 1073 3132 laus
1095 3079 1125 3131 et
1145 3075 1194 3133 uni

240 3159 360 3229 Quando
382 3159 456 3219 latro
478 3161 609 3233 moritur,
856 3159 986 3218 Donetur
1008 3175 1060 3231 per
1082 3161 1206 3232 saecula,

198 3244 353 3303 Paradisus
375 3245 437 3304 sine
458 3263 538 3304 mora
799 3241 865 3316 'Qui
888 3244 1029 3303 concessit
1051 3251 1080 3302 et
1102 3246 1206 3306 latroni

239 3328 342 3388 Eidem
365 3331 532 3390 conceditur
855 3329 935 3389 Coeli
957 3329 1153 3401 tabernacula,

198 3412 362 3488 Christique
384 3433 453 3476 voce
475 3433 578 3475 sonora
812 3414 853 3475 Ut
874 3415 957 3474 nobis
979 3415 1111 3473 coelestis
1135 3414 1203 3474 doni

238 3499 414 3560 Coelestibus
434 3502 568 3564 traditur.
857 3501 952 3560 Donet
973 3499 1145 3560 habitacula.

213 3618 289 3668 Brev.
313 3617 473 3685 Segoviense
497 3622 560 3684 imp.
583 3620 734 3669 vallisoleti
760 3613 834 3670 1527.
851 3641 887 3657 -
905 3621 959 3669 Der
976 3619 1061 3669 Name
1084 3620 1121 3667 ist
1142 3623 1206 3668 stete
1224 3619 1319 3669 Dimas

138 3685 322 3753 geschriaben.

546 3852 601 3909 155.
639 3853 677 3910 llo
695 3856 791 3910 saneto
807 3854 910 3912 Diana.

611 3973 654 4027 Ad
672 3974 844 4028 Nocturnum.

435 4099 462 4158 1.
487 4097 584 4157 Sacris
605 4099 750 4158 solemniis
768 4100 920 4173 jungamus
943 4099 1064 4175 cantica,

485 4183 560 4242 Dum
583 4183 664 4242 nobis
685 4185 797 4242 miseris
820 4185 905 4244 datur
926 4184 1041 4256 fiducia,

488 4269 570 4340 Quod
592 4270 790 4342 peccatoribus
813 4287 869 4329 non
892 4271 967 4329 desit
989 4271 1082 4346 venia,

528 4354 689 4413 Dummodo
710 4355 931 4429 poenitentibus.
