2918 4868
612 269 826 331 ..34-

137 448 166 506 3.
189 445 274 503 lesus
296 444 437 516 qnondam
462 444 630 502 humanatus

191 530 373 601 Compatiens
399 529 578 602 mortalibus,

189 615 315 675 Conviva
340 613 432 672 factus
455 615 569 673 humilis

191 699 309 773 Absque
332 700 426 757 carnis
449 700 603 772 illecebris,

189 785 319 843 Docebat
339 786 414 843 inter
435 785 542 858 pabula

190 871 274 929 Vitae
297 871 428 928 coelestis
445 871 586 944 dogmata.

138 1021 167 1084 4.
191 1024 337 1082 Mirantur
357 1024 455 1096 plnres
477 1023 601 1083 nobilem

190 1109 388 1169 Praedicantis
410 1109 584 1182 indaginem,

192 1195 375 1266 Quorundam
398 1200 514 1267 stupent
535 1201 656 1267 pectora

193 1280 308 1338 Peccati
331 1279 389 1337 leto
412 1280 517 1355 saucia,

192 1365 273 1436 Quod
297 1363 372 1422 filius
394 1364 525 1422 altissimi

194 1450 318 1508 Consors
341 1448 416 1508 ioret
437 1450 535 1511 edulii.

143 1608 171 1663 5.
196 1605 229 1662 ln
254 1603 337 1661 domo
359 1603 465 1675 qnippe
488 1603 611 1662 Simonis

193 1688 263 1746 Cum
286 1695 362 1746 11111
381 1705 443 1746 cum
468 1689 626 1766 discipulis,

191 1773 287 1832 Maria
308 1775 429 1846 supplex
452 1775 575 1850 homilis,

192 1858 316 1917 Famosa
338 1861 479 1932 quaedam
499 1860 644 1936 meretrix,

193 1945 370 2016 Gompuncta
393 1945 480 2003 verbo
503 1945 617 2003 Domini

194 2030 302 2088 Locum
325 2030 438 2102 quaerit
460 2031 588 2092 remedii.

140 2186 170 2244 6.
192 2183 372 2255 Unguentum
396 2182 492 2242 ferens
513 2184 647 2258 pisticum

194 2269 289 2327 Intrat
311 2269 339 2327 iu
364 2270 546 2346 domicilium,

193 2354 312 2427 Absque
335 2363 482 2427 sequestra
505 2356 604 2414 nuntio

195 2439 359 2497 Procumbit
381 2456 477 2498 coram
499 2441 631 2514 Domino,

195 2525 294 2583 Naevo
318 2526 416 2585 debcti
439 2526 540 2584 tabida

194 2612 333 2669 Precatnr
355 2611 552 2670 medicamina.

142 2765 170 2823 7.
194 2762 326 2821 Accessit
349 2764 501 2821 temeraria

193 2847 264 2906 Cum
286 2848 386 2906 veniae
408 2848 523 2922 fiducia,

196 2932 289 2991 Nardi
312 2934 416 3006 spicati
438 2935 563 3007 speciem

194 3017 305 3077 Effudit
327 3035 414 3092 snper
437 3020 582 3090 verticem,

193 3105 316 3162 Testans
339 3121 374 3162 ex
397 3106 454 3163 imo
475 3107 601 3178 pectoris

194 3188 336 3248 Affectnm
358 3191 563 3263 poenitudinis.

142 3345 170 3403 8.
194 3343 306 3401 Dehinc
329 3343 448 3416 pudoris
471 3346 585 3403 conscia

195 3430 339 3489 Curvatur
360 3429 398 3487 ad
422 3430 550 3503 vestigia,

196 3514 236 3572 Et
258 3516 338 3586 cujus
361 3523 447 3587 caput
469 3516 580 3588 liquido

198 3599 371 3658 Periuderat
393 3602 531 3670 antidoto,

195 3685 266 3756 Ejus
290 3685 394 3759 rigavit
414 3686 545 3758 plurimis

196 3772 310 3830 Devota
330 3771 419 3844 pedes
440 3771 574 3830 lacrimis.

143 3926 172 3984 9.
196 3923 309 3982 Dehine
331 3923 450 3995 pudoris
473 3926 587 3984 conscia

196 4008 339 4067 Curvator
359 4008 397 4067 ad
419 4009 549 4083 vestigia,

195 4094 298 4152 Flebat
321 4095 443 4167 supplex
467 4096 582 4154 uberius

195 4179 348 4251 Suspiraus
373 4180 460 4237 corde
482 4182 606 4255 gravius,

195 4266 252 4324 Pro
275 4264 394 4337 speciali
416 4266 505 4323 linteo

194 4350 328 4409 Deseruit
351 4350 499 4425 capillitio.

753 444 803 506 to.
826 444 906 500 Inter
928 459 1011 500 sacra
1032 442 1163 500 convivia

828 529 893 586 Non
916 526 1007 585 defuit
1028 527 1146 603 invidia,

828 616 906 687 Quae
927 613 1138 686 protoplastum
1161 613 1270 685 repulit

828 701 872 759 De
894 699 1020 771 paradisi
1045 699 1167 774 gaudiis,

826 786 914 856 Cujus
936 784 1050 857 longum
1073 784 1205 842 exsilium

829 870 929 930 Crucis
951 870 1038 928 solvit
1060 869 1229 942 patibulum.

754 1025 804 1083 11.
829 1024 902 1081 Nam
926 1023 1041 1096 qnidam
1065 1023 1152 1080 corde
1175 1023 1285 1082 tumido

829 1108 1048 1181 improperabat
1071 1108 1211 1166 Domino:

829 1194 859 1252 Si
881 1200 977 1251 nosset
999 1193 1046 1250 bic
1068 1193 1206 1266 mysteria

829 1278 995 1337 Divinitatis
1017 1279 1126 1350 intima,

829 1365 893 1424 Non
916 1365 1024 1422 sineret
1046 1364 1235 1436 peccatricem

830 1450 867 1508 Se
889 1456 1008 1523 tangere
1029 1451 1187 1511 mulierem.

755 1606 804 1664 12.
829 1604 1017 1676 Respondeas
1038 1609 1132 1662 autem
1153 1604 1275 1677 provide

829 1689 959 1748 Rimator
982 1690 1181 1762 conscientiae,

830 1775 917 1846 CuJus
940 1791 995 1831 non
1019 1774 1090 1832 latet
1111 1775 1225 1833 oculum

829 1860 985 1919 Creaturae
1006 1860 1166 1932 latibulum,

828 1946 994 2017 Proponens
1016 1945 1185 2003 imitabilem

829 2030 1017 2090 Remissionis
1039 2031 1179 2103 speciem:

756 2185 805 2245 13.
828 2184 934 2256 Simon,
957 2185 1050 2257 inquit
1071 2184 1237 2258 domestice,

827 2269 941 2328 Affatur
961 2270 1125 2343 allegorice,

830 2356 894 2413 Duo
917 2354 1033 2413 fuerunt
1054 2356 1182 2413 homines

829 2441 952 2499 Diverso
975 2442 1063 2498 vincti
1087 2440 1213 2512 foenore,

829 2527 995 2599 Quingentis
1018 2527 1092 2584 alter
1114 2526 1238 2585 numulis

829 2612 913 2669 Alter
929 2628 996 2669 vero
1018 2612 1232 2685 quinquagenis,

757 2765 806 2824 14.
830 2763 882 2834 Qui
903 2765 1081 2836 rependendi
1105 2765 1232 2824 debitum

830 2850 894 2907 Non
918 2849 1043 2907 habuere
1064 2851 1199 2923 pretium,

831 2934 1000 3006 Compulsus
1023 2936 1110 2994 corde
1133 2937 1261 2994 creditor

830 3020 955 3078 Indulsit
977 3019 1134 3095 beneficio,

830 3106 886 3163 Dic
906 3107 1012 3179 itaque,
1036 3107 1098 3178 quis
1121 3107 1275 3180 plurimum

830 3192 938 3249 Horum
963 3192 1065 3250 dilexit
1086 3194 1253 3265 praemium.

759 3346 807 3406 15.
832 3346 893 3403 Nec
915 3362 995 3403 mora
1016 3345 1112 3403 Simon
1135 3345 1261 3417 addidit,

834 3432 873 3496 la,
896 3431 1036 3502 inquiens
1060 3431 1125 3504 plus
1149 3432 1254 3505 diligit,

831 3517 919 3587 Quem
943 3517 1035 3588 major
1055 3533 1148 3588 poena
1171 3518 1260 3576 dcbiti

829 3602 983 3660 Premebat
1003 3600 1142 3673 beneficii,

829 3688 883 3757 Qui
904 3703 971 3746 vcro
994 3703 1094 3757 parum
1117 3686 1225 3759 debuit,

831 3773 927 3832 Minus
950 3769 1080 3844 proiecto
1104 3771 1207 3845 diligit.

757 3927 805 3986 16.
830 3925 948 3996 Adjecit
970 3941 1080 3998 quoque
1102 3925 1242 3983 Dominus

829 4012 868 4069 Et
892 4011 965 4068 dixit
988 4026 1082 4068 coram
1106 4011 1254 4072 omnibus:

832 4096 921 4154 Recto
940 4096 1053 4169 quidem
1073 4096 1183 4167 jndicio

830 4181 951 4239 Sensisti
975 4183 1010 4239 dc
1033 4182 1190 4253 proposito,

831 4267 957 4324 Attende
977 4269 1037 4339 jam
1059 4266 1234 4339 veriloquam

831 4352 872 4410 Te
894 4353 1004 4410 moneri
1025 4351 1203 4427 parabolam.
