2918 4868
631 244 844 309 ..37-

217 416 279 466 Cod.
292 418 424 466 Matriten.
443 417 481 467 Bb
502 413 551 467 150
568 432 629 467 saec
649 414 689 468 14.
708 418 784 467 -In
803 414 825 466 l.
839 419 916 479 Noct.
934 411 953 466 li
971 414 996 477 3,
1014 415 1107 470 lPrae
1125 422 1235 471 cunctis.
1247 450 1279 458 -η
1299 423 1331 473 In

149 481 174 534 3.
200 487 274 536 Noct.
300 480 319 532 ll
346 481 364 534 3
390 484 514 534 soheiuou
542 486 601 535 fdus
622 487 704 537 Verse
731 486 893 550 ausgefalleu
919 502 952 536 au
976 487 1040 536 sein.
1064 514 1096 522 —
1118 490 1255 540 Verfasser
1278 491 1323 540 dos

148 553 298 613 Officiums,
323 570 355 603 zu
377 553 435 603 dem
458 553 500 603 die
523 554 646 618 Hymneu
671 556 754 619 Virga
777 554 809 604 de
832 555 909 605 desse
932 554 1029 620 prodiit
1054 557 1107 606 und
1131 558 1224 608 Mundi
1250 559 1328 622 liujus

149 628 283 672 creaturas
304 621 432 688 gehilreu,
457 622 493 671 ist
510 623 580 686 Fray
597 623 642 673 Gil
666 639 719 672 von
736 624 860 683 Zamora,
884 625 933 673 wie
952 639 999 673 aus
1018 624 1153 688 folgeador
1171 626 1329 676 Dedioation

149 690 321 756 hervorgeht:
332 691 430 755 Incipit
441 689 556 739 officium
569 691 701 741 almifluae
713 693 833 756 virginis,
847 692 917 756 quod
928 694 1077 757 composuit
1089 694 1181 744 Frater
1191 695 1328 745 Jolrannca

149 759 240 824 Egidii
263 759 332 825 apud
350 760 488 809 Zamoram
510 759 544 808 ad
566 775 656 825 preces
680 765 707 810 et
730 761 884 810 instantiam
902 760 1038 811 Aldeiousi
1064 763 1134 826 regis
1151 762 1278 827 Legionis
1304 768 1331 813 et

149 827 288 879 Castellae.

219 897 392 948 Seronissimo
410 912 458 946 suo
477 896 592 946 Domino
609 896 769 956 Aldesonso,
793 895 884 947 divina
904 897 1068 963 providentia
1087 898 1183 948 illustri
1206 900 1261 963 regi
1280 898 1329 948 Ca-

151 965 258 1026 stellae,
287 967 413 1031 Legionis
435 970 462 1016 et
479 965 642 1027 Vandaliae,
667 964 830 1015 humillimus
854 966 967 1031 scriptor
984 981 1061 1025 suus,
1083 967 1176 1018 Frater
1193 966 1330 1018 Johaunes

151 1034 255 1100 Egidii,
280 1035 400 1084 Fratrum
419 1034 551 1084 Minorum
574 1033 644 1099 apud
662 1035 800 1084 Zamoram
821 1033 912 1084 doctor
935 1033 1109 1097 insufficiens,
1135 1037 1209 1102 regni
1233 1038 1330 1086 terreni

151 1102 358 1168 gubernaculum
375 1103 539 1152 meritorium
558 1107 585 1151 et
602 1104 702 1152 aeterni
720 1102 842 1152 bravium
860 1104 1102 1153 remuneratorium.

220 1171 341 1222 Officium
356 1171 490 1221 almifluae
503 1172 603 1233 matris,
616 1170 702 1222 almae
714 1173 784 1235 regis
795 1172 861 1221 Jesu
873 1171 1005 1234 altissimi,
1018 1188 1065 1238 pro
1078 1171 1153 1236 cujus
1165 1173 1330 1223 ordinatione

152 1239 246 1290 devote
264 1245 353 1290 vestra
370 1242 498 1291 serenitas
517 1239 582 1289 mihi
602 1241 722 1305 scripsit,
746 1245 849 1290 vestrae
868 1241 942 1289 mitto
960 1239 1170 1307 magnificentiae
1189 1258 1236 1307 por
1253 1258 1330 1307 prae·

150 1310 263 1359 sentium
281 1311 440 1374 portitorem,
459 1310 545 1357 sciens
565 1308 636 1373 quod
654 1310 677 1357 si
697 1323 787 1357 ornnes
804 1313 878 1358 artua
895 1325 968 1358 meos
983 1311 1010 1359 iu
1022 1309 1139 1376 linguam
1152 1315 1329 1360 converterem

152 1383 178 1426 et
202 1379 316 1428 omniurn
342 1377 501 1442 sapientium
528 1375 678 1426 facundiam
696 1376 834 1436 haberem,
859 1379 886 1426 iu
904 1383 958 1427 tam
977 1379 1202 1443 praeclarissimae
1219 1381 1332 1443 virginis

150 1447 318 1510 praeconium
336 1445 404 1495 nihil
422 1451 499 1495 esset.
534 1444 721 1510 Obtemperavi
744 1445 874 1511 siquidem
892 1454 1032 1512 praecepto
1050 1448 1191 1512 principis,
1213 1447 1259 1497 aed
1277 1463 1330 1497 nou

149 1515 329 1564 consummavi
348 1515 490 1579 praeconia
508 1514 627 1578 virginis.

559 1781 584 1837 9.
620 1781 658 1836 lle
676 1783 774 1838 sancto
792 1781 919 1839 Aebutio.

277 1962 317 2020 ln
341 1961 369 2021 1.
393 1959 582 2032 vesperis.

319 2093 360 2144 Ad
378 2091 540 2160 Magnificat.

148 2218 184 2274 A.
207 2218 230 2276 Ο
253 2216 360 2275 milium
382 2215 428 2274 bis
449 2215 574 2289 quinque

216 2302 384 2361 Constantia
406 2307 564 2374 martymrn

214 2387 341 2447 Caritate
362 2386 528 2462 laudabilis,

215 2475 363 2534 Justomm
382 2472 522 2547 patientia

213 2559 336 2618 Terrore
358 2558 542 2627 invincibilis,

213 2645 237 2703 Ο
259 2645 413 2718 prudentia
434 2645 472 2705 ad
495 2643 661 2703 bellandum

211 2729 297 2788 Fidei
316 2731 445 2790 inimicos
468 2729 610 2802 docibilis,

214 2815 294 2875 Sicut
316 2816 402 2875 hodic
422 2817 541 2875 istorum
563 2815 655 2888 gloria

212 2902 247 2960 lu
269 2902 354 2959 terris
377 2902 516 2975 claruisti,

215 2986 260 3046 lta
281 2994 311 3044 ct
333 3002 382 3046 eos
404 2987 521 3060 proprio

213 3072 321 3131 cruore
343 3070 504 3145 baptizatos

213 3160 247 3218 lu
270 3158 356 3216 ooolis
377 3157 530 3234 coronasti,

213 3242 261 3300 Sic
282 3244 410 3315 ipsomm
433 3241 566 3315 precibus

211 3327 315 3386 Facias
336 3327 503 3386 assistentes

213 3413 312 3472 Divini
335 3413 460 3471 muueris

212 3498 264 3558 ldis
286 3516 304 3558 a
326 3505 408 3572 patre
430 3497 563 3572 pmmissi

212 3585 330 3644 Auxilio
352 3585 540 3659 congaudere.

275 3825 330 3884 Ad
350 3824 582 3886 Matutiuum.

332 3962 526 4012 Invitatorium.

212 4082 282 4142 Cum
305 4084 401 4144 oordis
424 4084 570 4142 hilaritate

255 4172 457 4231 Collaudemus
479 4169 641 4241 Dominum,

212 4258 246 4315 lu
268 4263 430 4316 sauctorum
452 4255 633 4314 solemnitate

255 4342 361 4400 Decem
383 4342 491 4400 milium
514 4347 681 4416 martyrum.

887 1960 929 2018 lu
953 1960 980 2020 1.
1005 1959 1210 2022 Nocturuo.

957 2077 1133 2144 Antiphouae.

775 2182 804 2241 1.
826 2180 983 2256 Adrianus,
1006 2183 1178 2255 Antoninus,

871 2268 1014 2342 Regentea
1036 2269 1196 2341 imperium,

828 2351 1006 2428 Gadarenos‚
1029 2370 1110 2412 suum
1133 2355 1226 2412 miuus

869 2439 1013 2498 Teneutes
1035 2439 1200 2515 dominium,

828 2523 868 2584 Ut
889 2521 1045 2601 depellant,
1068 2525 1222 2598 Apollinus

872 2611 1020 2669 Adomtur
1041 2611 1160 2674 idolum.

774 2718 803 2776 2.
827 2712 987 2773 Simulacra
1008 2713 1171 2772 descrentes

871 2798 1018 2858 Idolomm
1041 2797 1153 2873 fugiunt

827 2884 871 2943 De
893 2885 1039 2959 triumpho
1062 2879 1249 2960 confidentes,

869 2970 957 3030 Multi
977 2971 1046 3029 iudo
1067 2979 1198 3048 pereunt,

827 3055 936 3114 Novem
959 3056 1037 3115 mille
1059 3056 1262 3130 relinquentes,

871 3142 925 3215 Qui
948 3141 1044 3199 redire
1066 3142 1206 3203 nesciunt.

776 3247 805 3305 3.
828 3243 954 3317 Fugiunt
975 3243 1163 3316 imperatores

870 3328 979 3389 Novem
1001 3328 1080 3388 mille
1101 3335 1232 3388 strenuos

827 3414 1043 3491 Relinqucntes,
1066 3430 1136 3488 quos
1158 3415 1282 3474 victores

870 3498 953 3557 Fecit
974 3505 1004 3558 et
1024 3498 1162 3559 almificos

828 3586 927 3645 Virtus
949 3585 1003 3645 Dei
1026 3592 1055 3645 ot
1078 3587 1210 3646 doctores

870 3671 1008 3731 Omnibus
1029 3671 1189 3746 pontificos.

952 3808 1139 3873 Responsoria.

774 3912 803 3972 1.
828 3911 943 3971 Christo
969 3911 1030 3985 regi
1051 3909 1125 3969 fiunt
1145 3912 1219 3984 grati

869 3996 1062 4068 Primioerius,
1085 3996 1225 4056 Achatius

825 4081 866 4140 Et
886 4082 1006 4141 Eliades
1027 4081 1106 4140 beati

868 4167 933 4227 Suis
956 4183 1020 4227 oum
1041 4164 1191 4238 militibus,

825 4252 873 4311 Ab
894 4253 997 4328 angelo
1019 4249 1173 4311 confortati

867 4338 984 4398 Crebris
1007 4336 1172 4399 visionibus.
