<?xml version="1.0" encoding="UTF-8"?>
<!DOCTYPE html PUBLIC "-//W3C//DTD XHTML 1.0 Transitional//EN"
    "http://www.w3.org/TR/xhtml1/DTD/xhtml1-transitional.dtd">
<html xmlns="http://www.w3.org/1999/xhtml" xml:lang="en" lang="en">
 <head>
  <title>
</title>
<meta http-equiv="Content-Type" content="text/html;charset=utf-8" />
  <meta name='ocr-system' content='tesseract 3.04.00' />
  <meta name='ocr-capabilities' content='ocr_page ocr_carea ocr_par ocr_line ocrx_word'/>
</head>
<body>
  <div class='ocr_page' id='page_1' title='image "./hymnodiahiberic00drevgoog_0211.png"; bbox 0 0 2918 4868; ppageno 0'>
   <div class='ocr_carea' id='block_1_1' title="bbox 611 264 844 328">
    <p class='ocr_par' dir='ltr' id='par_1_1' title="bbox 611 264 844 328">
     <span class='ocr_line' id='line_1_1' title="bbox 611 264 844 328; baseline -0.009 0"><span class='ocrx_word' id='word_1_1' title='bbox 611 264 844 328; x_wconf 81' lang='lat'>-204-</span> 
     </span>
    </p>
   </div>
   <div class='ocr_carea' id='block_1_2' title="bbox 211 436 1325 876">
    <p class='ocr_par' dir='ltr' id='par_1_2' title="bbox 211 436 1325 876">
     <span class='ocr_line' id='line_1_2' title="bbox 499 436 921 512; baseline -0.014 -14"><span class='ocrx_word' id='word_1_2' title='bbox 499 441 527 500; x_wconf 82' lang='lat' dir='ltr'>t.</span> <span class='ocrx_word' id='word_1_3' title='bbox 551 439 623 512; x_wconf 81' lang='lat' dir='ltr'>Regi</span> <span class='ocrx_word' id='word_1_4' title='bbox 645 438 788 496; x_wconf 86' lang='lat' dir='ltr'>coelorum</span> <span class='ocrx_word' id='word_1_5' title='bbox 811 436 921 507; x_wconf 87' lang='lat' dir='ltr'>inclito,</span> 
     </span>
     <span class='ocr_line' id='line_1_3' title="bbox 554 522 909 599; baseline -0.011 -16"><span class='ocrx_word' id='word_1_6' title='bbox 554 524 644 598; x_wconf 85' lang='lat' dir='ltr'>Patri,</span> <span class='ocrx_word' id='word_1_7' title='bbox 668 531 745 599; x_wconf 85' lang='lat' dir='ltr'>nato,</span> <span class='ocrx_word' id='word_1_8' title='bbox 768 522 909 594; x_wconf 75' lang='lat' dir='ltr'><strong>paraclito</strong></span> 
     </span>
     <span class='ocr_line' id='line_1_4' title="bbox 551 607 923 679; baseline -0.013 -10"><span class='ocrx_word' id='word_1_9' title='bbox 551 609 595 669; x_wconf 90' lang='lat' dir='ltr'>Sit</span> <span class='ocrx_word' id='word_1_10' title='bbox 616 610 679 668; x_wconf 90' lang='lat' dir='ltr'>lans</span> <span class='ocrx_word' id='word_1_11' title='bbox 701 615 729 666; x_wconf 93' lang='lat' dir='ltr'>et</span> <span class='ocrx_word' id='word_1_12' title='bbox 751 607 923 679; x_wconf 84' lang='lat' dir='ltr'>benedictio,</span> 
     </span>
     <span class='ocr_line' id='line_1_5' title="bbox 553 694 812 754; baseline -0.012 0"><span class='ocrx_word' id='word_1_13' title='bbox 553 697 615 754; x_wconf 87' lang='lat' dir='ltr'>Deo</span> <span class='ocrx_word' id='word_1_14' title='bbox 638 695 699 752; x_wconf 90' lang='lat' dir='ltr'>sine</span> <span class='ocrx_word' id='word_1_15' title='bbox 720 694 812 752; x_wconf 87' lang='lat' dir='ltr'>initio.</span> 
     </span>
     <span class='ocr_line' id='line_1_6' title="bbox 211 803 1325 876; baseline -0.011 -13"><span class='ocrx_word' id='word_1_16' title='bbox 211 815 287 863; x_wconf 78' lang='lat' dir='ltr'>BreV.</span> <span class='ocrx_word' id='word_1_17' title='bbox 307 828 353 861; x_wconf 90' lang='lat' dir='ltr'>ms.</span> <span class='ocrx_word' id='word_1_18' title='bbox 373 812 603 876; x_wconf 81' lang='lat' dir='ltr'>Calagurritannm</span> <span class='ocrx_word' id='word_1_19' title='bbox 627 825 696 860; x_wconf 88' lang='lat' dir='ltr'>saec.</span> <span class='ocrx_word' id='word_1_20' title='bbox 716 806 755 858; x_wconf 83' lang='lat'>15.</span> <span class='ocrx_word' id='word_1_21' title='bbox 774 808 837 858; x_wconf 83' lang='lat' dir='ltr'>Cod.</span> <span class='ocrx_word' id='word_1_22' title='bbox 857 808 1045 858; x_wconf 80' lang='lat' dir='ltr'>Salmanticon.</span> <span class='ocrx_word' id='word_1_23' title='bbox 1071 803 1126 855; x_wconf 87' lang='grc'><strong>186.</strong></span> <span class='ocrx_word' id='word_1_24' title='bbox 1146 806 1175 854; x_wconf 78' lang='grc' dir='ltr'>Α.</span> <span class='ocrx_word' id='word_1_25' title='bbox 1194 833 1228 840; x_wconf 99' lang='grc'>-</span> <span class='ocrx_word' id='word_1_26' title='bbox 1247 806 1325 853; x_wconf 82' lang='lat' dir='ltr'>Brev.</span> 
     </span>
    </p>
   </div>
   <div class='ocr_carea' id='block_1_3' title="bbox 142 872 1325 1006">
    <p class='ocr_par' dir='ltr' id='par_1_3' title="bbox 142 872 1325 1006">
     <span class='ocr_line' id='line_1_7' title="bbox 143 872 1325 946; baseline -0.009 -14"><span class='ocrx_word' id='word_1_27' title='bbox 143 881 372 946; x_wconf 78' lang='lat' dir='ltr'>Calagurritanam</span> <span class='ocrx_word' id='word_1_28' title='bbox 399 885 426 929; x_wconf 88' lang='lat' dir='ltr'>et</span> <span class='ocrx_word' id='word_1_29' title='bbox 443 880 586 928; x_wconf 72' lang='lat' dir='ltr'>Caiciatsn.</span> <span class='ocrx_word' id='word_1_30' title='bbox 612 880 674 942; x_wconf 87' lang='lat' dir='ltr'><strong>imp.</strong></span> <span class='ocrx_word' id='word_1_31' title='bbox 694 879 818 927; x_wconf 85' lang='lat' dir='ltr'>ercronii</span> <span class='ocrx_word' id='word_1_32' title='bbox 846 874 919 925; x_wconf 75' lang='lat'>1543.</span> <span class='ocrx_word' id='word_1_33' title='bbox 939 878 968 925; x_wconf 82' lang='grc' dir='ltr'>Β.</span> <span class='ocrx_word' id='word_1_34' title='bbox 995 902 1026 912; x_wconf 92' lang='grc'>-</span> <span class='ocrx_word' id='word_1_35' title='bbox 1049 873 1073 935; x_wconf 79' lang='grc'>5,</span> <span class='ocrx_word' id='word_1_36' title='bbox 1102 872 1113 923; x_wconf 97' lang='lat' dir='ltr'>l</span> <span class='ocrx_word' id='word_1_37' title='bbox 1134 876 1203 923; x_wconf 82' lang='lat' dir='ltr'>{taio</span> <span class='ocrx_word' id='word_1_38' title='bbox 1224 879 1325 936; x_wconf 88' lang='lat' dir='ltr'>martyr</span> 
     </span>
     <span class='ocr_line' id='line_1_8' title="bbox 142 946 556 1006; baseline -0.012 -6"><span class='ocrx_word' id='word_1_39' title='bbox 142 951 215 1006; x_wconf 82' lang='lat' dir='ltr'>t&#39;elix.</span> <span class='ocrx_word' id='word_1_40' title='bbox 234 951 264 999; x_wconf 83' lang='lat' dir='ltr'>A.</span> <span class='ocrx_word' id='word_1_41' title='bbox 280 980 309 985; x_wconf 89' lang='lat'>--</span> <span class='ocrx_word' id='word_1_42' title='bbox 329 953 380 1000; x_wconf 77' lang='lat' dir='ltr'>Str.</span> <span class='ocrx_word' id='word_1_43' title='bbox 399 946 416 996; x_wconf 75' lang='grc'>6</span> <span class='ocrx_word' id='word_1_44' title='bbox 434 948 505 997; x_wconf 78' lang='lat' dir='ltr'>totns.</span> <span class='ocrx_word' id='word_1_45' title='bbox 526 951 556 996; x_wconf 85' lang='grc' dir='ltr'>Λ.</span> 
     </span>
    </p>
   </div>
   <div class='ocr_carea' id='block_1_4' title="bbox 553 1176 913 1370">
    <p class='ocr_par' dir='ltr' id='par_1_4' title="bbox 553 1176 913 1370">
     <span class='ocr_line' id='line_1_9' title="bbox 553 1176 913 1236; baseline 0.003 -1"><span class='ocrx_word' id='word_1_46' title='bbox 553 1179 612 1236; x_wconf 79' lang='lat'><strong>355.</strong></span> <span class='ocrx_word' id='word_1_47' title='bbox 641 1180 678 1236; x_wconf 80' lang='lat' dir='ltr'>lio</span> <span class='ocrx_word' id='word_1_48' title='bbox 699 1181 799 1236; x_wconf 84' lang='lat' dir='ltr'>sancta</span> <span class='ocrx_word' id='word_1_49' title='bbox 817 1176 913 1236; x_wconf 82' lang='lat' dir='ltr'>Lucia.</span> 
     </span>
     <span class='ocr_line' id='line_1_10' title="bbox 632 1301 835 1370; baseline -0.005 -16"><span class='ocrx_word' id='word_1_50' title='bbox 632 1302 674 1354; x_wconf 80' lang='lat' dir='ltr'>Atl</span> <span class='ocrx_word' id='word_1_51' title='bbox 695 1301 835 1370; x_wconf 83' lang='lat' dir='ltr'>Vesperas.</span> 
     </span>
    </p>
   </div>
   <div class='ocr_carea' id='block_1_5' title="bbox 146 1423 1304 1925">
    <p class='ocr_par' dir='ltr' id='par_1_5' title="bbox 146 1423 1304 1925">
     <span class='ocr_line' id='line_1_11' title="bbox 146 1423 1304 1501; baseline -0.009 -11"><span class='ocrx_word' id='word_1_52' title='bbox 146 1432 173 1490; x_wconf 95' lang='lat'>1.</span> <span class='ocrx_word' id='word_1_53' title='bbox 200 1426 362 1487; x_wconf 86' lang='lat' dir='ltr'>Pneamatis</span> <span class='ocrx_word' id='word_1_54' title='bbox 384 1429 450 1501; x_wconf 80' lang='lat' dir='ltr'>igne</span> <span class='ocrx_word' id='word_1_55' title='bbox 472 1443 609 1484; x_wconf 80' lang='lat' dir='ltr'>succensa</span> <span class='ocrx_word' id='word_1_56' title='bbox 762 1432 791 1485; x_wconf 81' lang='lat'>5.</span> <span class='ocrx_word' id='word_1_57' title='bbox 817 1426 905 1501; x_wconf 81' lang='lat' dir='ltr'><strong>Vidit,</strong></span> <span class='ocrx_word' id='word_1_58' title='bbox 929 1431 1048 1483; x_wconf 86' lang='lat' dir='ltr'>matrem</span> <span class='ocrx_word' id='word_1_59' title='bbox 1071 1423 1147 1497; x_wconf 83' lang='lat' dir='ltr'>qaod</span> <span class='ocrx_word' id='word_1_60' title='bbox 1170 1430 1304 1497; x_wconf 80' lang='lat' dir='ltr'>gravaret</span> 
     </span>
     <span class='ocr_line' id='line_1_12' title="bbox 241 1507 1251 1585; baseline -0.007 -13"><span class='ocrx_word' id='word_1_61' title='bbox 241 1513 370 1572; x_wconf 85' lang='lat' dir='ltr'>Caritate</span> <span class='ocrx_word' id='word_1_62' title='bbox 392 1513 481 1570; x_wconf 89' lang='lat' dir='ltr'>Lucia</span> <span class='ocrx_word' id='word_1_63' title='bbox 856 1510 961 1584; x_wconf 90' lang='lat' dir='ltr'>Turpis</span> <span class='ocrx_word' id='word_1_64' title='bbox 982 1507 1075 1570; x_wconf 84' lang='lat' dir='ltr'>fluxus</span> <span class='ocrx_word' id='word_1_65' title='bbox 1095 1509 1251 1585; x_wconf 80' lang='lat' dir='ltr'>sanguinis,</span> 
     </span>
     <span class='ocr_line' id='line_1_13' title="bbox 200 1594 1261 1672; baseline -0.008 -13"><span class='ocrx_word' id='word_1_66' title='bbox 200 1599 288 1672; x_wconf 76' lang='lat' dir='ltr'>Virgo</span> <span class='ocrx_word' id='word_1_67' title='bbox 310 1594 418 1657; x_wconf 86' lang='lat' dir='ltr'>ferbuit</span> <span class='ocrx_word' id='word_1_68' title='bbox 437 1599 585 1669; x_wconf 85' lang='lat' dir='ltr'>immensa,</span> <span class='ocrx_word' id='word_1_69' title='bbox 817 1597 921 1656; x_wconf 84' lang='lat' dir='ltr'>Somno</span> <span class='ocrx_word' id='word_1_70' title='bbox 944 1597 1051 1669; x_wconf 90' lang='lat' dir='ltr'>templo</span> <span class='ocrx_word' id='word_1_71' title='bbox 1074 1596 1141 1654; x_wconf 90' lang='lat' dir='ltr'>dum</span> <span class='ocrx_word' id='word_1_72' title='bbox 1163 1601 1261 1653; x_wconf 88' lang='lat' dir='ltr'>oraret</span> 
     </span>
     <span class='ocr_line' id='line_1_14' title="bbox 244 1681 1178 1756; baseline -0.005 -13"><span class='ocrx_word' id='word_1_73' title='bbox 244 1684 319 1742; x_wconf 89' lang='lat' dir='ltr'>Nam</span> <span class='ocrx_word' id='word_1_74' title='bbox 341 1683 423 1756; x_wconf 90' lang='lat' dir='ltr'>sequi</span> <span class='ocrx_word' id='word_1_75' title='bbox 445 1682 565 1756; x_wconf 82' lang='lat' dir='ltr'>vestigia</span> <span class='ocrx_word' id='word_1_76' title='bbox 858 1681 1000 1755; x_wconf 70' lang='lat' dir='ltr'>agatham</span> <span class='ocrx_word' id='word_1_77' title='bbox 1022 1681 1178 1753; x_wconf 78' lang='lat' dir='ltr'>altissimis,</span> 
     </span>
     <span class='ocr_line' id='line_1_15' title="bbox 200 1766 1284 1843; baseline -0.006 -16"><span class='ocrx_word' id='word_1_78' title='bbox 200 1770 268 1828; x_wconf 86' lang='lat' dir='ltr'>Fuit</span> <span class='ocrx_word' id='word_1_79' title='bbox 290 1769 422 1828; x_wconf 89' lang='lat' dir='ltr'>voluntas</span> <span class='ocrx_word' id='word_1_80' title='bbox 443 1769 560 1826; x_wconf 86' lang='lat' dir='ltr'>incensa</span> <span class='ocrx_word' id='word_1_81' title='bbox 813 1766 895 1837; x_wconf 81' lang='lat' dir='ltr'>Quod</span> <span class='ocrx_word' id='word_1_82' title='bbox 918 1768 1000 1843; x_wconf 90' lang='lat' dir='ltr'>petit,</span> <span class='ocrx_word' id='word_1_83' title='bbox 1023 1768 1048 1825; x_wconf 91' lang='lat' dir='ltr'>si</span> <span class='ocrx_word' id='word_1_84' title='bbox 1072 1766 1167 1838; x_wconf 85' lang='lat' dir='ltr'>vellet,</span> <span class='ocrx_word' id='word_1_85' title='bbox 1192 1766 1284 1835; x_wconf 89' lang='lat' dir='ltr'>daret,</span> 
     </span>
     <span class='ocr_line' id='line_1_16' title="bbox 243 1853 1192 1925; baseline -0.002 -12"><span class='ocrx_word' id='word_1_86' title='bbox 243 1854 411 1914; x_wconf 87' lang='lat' dir='ltr'>Sanctorum</span> <span class='ocrx_word' id='word_1_87' title='bbox 434 1855 463 1912; x_wconf 91' lang='lat' dir='ltr'>in</span> <span class='ocrx_word' id='word_1_88' title='bbox 486 1854 580 1912; x_wconf 85' lang='lat' dir='ltr'>latria.</span> <span class='ocrx_word' id='word_1_89' title='bbox 857 1853 955 1925; x_wconf 90' lang='lat' dir='ltr'>Inquit</span> <span class='ocrx_word' id='word_1_90' title='bbox 977 1860 1043 1911; x_wconf 88' lang='lat' dir='ltr'>roto</span> <span class='ocrx_word' id='word_1_91' title='bbox 1061 1853 1192 1911; x_wconf 88' lang='lat' dir='ltr'>numinis.</span> 
     </span>
    </p>
   </div>
   <div class='ocr_carea' id='block_1_6' title="bbox 146 1955 1297 2457">
    <p class='ocr_par' dir='ltr' id='par_1_6' title="bbox 146 1955 1297 2457">
     <span class='ocr_line' id='line_1_17' title="bbox 146 1955 1297 2029; baseline -0.005 -13"><span class='ocrx_word' id='word_1_92' title='bbox 146 1960 175 2016; x_wconf 84' lang='lat'>2.</span> <span class='ocrx_word' id='word_1_93' title='bbox 203 1956 315 2015; x_wconf 78' lang='lat' dir='ltr'>Virtute</span> <span class='ocrx_word' id='word_1_94' title='bbox 338 1956 392 2013; x_wconf 85' lang='lat' dir='ltr'>Dei</span> <span class='ocrx_word' id='word_1_95' title='bbox 415 1961 530 2013; x_wconf 86' lang='lat' dir='ltr'>ostensa</span> <span class='ocrx_word' id='word_1_96' title='bbox 763 1959 792 2017; x_wconf 89' lang='lat'>6.</span> <span class='ocrx_word' id='word_1_97' title='bbox 817 1957 933 2014; x_wconf 80' lang='lat' dir='ltr'><strong>Plenam</strong></span> <span class='ocrx_word' id='word_1_98' title='bbox 956 1973 1040 2029; x_wconf 85' lang='lat' dir='ltr'>quarn</span> <span class='ocrx_word' id='word_1_99' title='bbox 1064 1957 1131 2015; x_wconf 89' lang='lat' dir='ltr'>dum</span> <span class='ocrx_word' id='word_1_100' title='bbox 1154 1955 1297 2013; x_wconf 89' lang='lat' dir='ltr'>cruciaret</span> 
     </span>
     <span class='ocr_line' id='line_1_18' title="bbox 243 2038 1284 2114; baseline -0.002 -14"><span class='ocrx_word' id='word_1_101' title='bbox 243 2041 362 2114; x_wconf 85' lang='lat' dir='ltr'>Optavit</span> <span class='ocrx_word' id='word_1_102' title='bbox 382 2041 525 2113; x_wconf 87' lang='lat' dir='ltr'>coelestia,</span> <span class='ocrx_word' id='word_1_103' title='bbox 860 2041 1030 2100; x_wconf 78' lang='lat' dir='ltr'>Paschasius</span> <span class='ocrx_word' id='word_1_104' title='bbox 1053 2038 1184 2113; x_wconf 82' lang='lat' dir='ltr'>flaminis,</span> <span class='ocrx_word' id='word_1_105' title='bbox 1281 2107 1284 2111; x_wconf 70' lang='lat'>‚</span> 
     </span>
     <span class='ocr_line' id='line_1_19' title="bbox 204 2125 1196 2201; baseline -0.002 -15"><span class='ocrx_word' id='word_1_106' title='bbox 204 2127 329 2201; x_wconf 67' lang='lat' dir='ltr'>Spreta,</span> <span class='ocrx_word' id='word_1_107' title='bbox 352 2132 384 2185; x_wconf 87' lang='lat' dir='ltr'>ut</span> <span class='ocrx_word' id='word_1_108' title='bbox 406 2126 479 2185; x_wconf 87' lang='lat' dir='ltr'>labis</span> <span class='ocrx_word' id='word_1_109' title='bbox 502 2125 609 2183; x_wconf 84' lang='lat' dir='ltr'>offensa</span> <span class='ocrx_word' id='word_1_110' title='bbox 819 2126 930 2184; x_wconf 90' lang='lat' dir='ltr'>Virtute</span> <span class='ocrx_word' id='word_1_111' title='bbox 951 2132 984 2186; x_wconf 93' lang='lat' dir='ltr'>ut</span> <span class='ocrx_word' id='word_1_112' title='bbox 1005 2127 1196 2200; x_wconf 81' lang='lat' dir='ltr'>triumpharet</span> 
     </span>
     <span class='ocr_line' id='line_1_20' title="bbox 245 2208 1194 2285; baseline 0 -15"><span class='ocrx_word' id='word_1_113' title='bbox 245 2213 364 2285; x_wconf 88' lang='lat' dir='ltr'>Periret,</span> <span class='ocrx_word' id='word_1_114' title='bbox 387 2212 546 2281; x_wconf 83' lang='lat' dir='ltr'>terrestria,</span> <span class='ocrx_word' id='word_1_115' title='bbox 859 2208 1007 2271; x_wconf 85' lang='lat' dir='ltr'>Affliotum</span> <span class='ocrx_word' id='word_1_116' title='bbox 1031 2212 1194 2271; x_wconf 86' lang='lat' dir='ltr'>certaminis</span> 
     </span>
     <span class='ocr_line' id='line_1_21' title="bbox 201 2294 1230 2371; baseline -0.005 -15"><span class='ocrx_word' id='word_1_117' title='bbox 201 2298 259 2356; x_wconf 85' lang='lat' dir='ltr'>Cur</span> <span class='ocrx_word' id='word_1_118' title='bbox 281 2299 308 2355; x_wconf 87' lang='lat' dir='ltr'>oi</span> <span class='ocrx_word' id='word_1_119' title='bbox 330 2294 385 2356; x_wconf 88' lang='lat' dir='ltr'>fnit</span> <span class='ocrx_word' id='word_1_120' title='bbox 407 2297 536 2370; x_wconf 87' lang='lat' dir='ltr'>impensa</span> <span class='ocrx_word' id='word_1_121' title='bbox 817 2297 857 2354; x_wconf 87' lang='lat' dir='ltr'>Et</span> <span class='ocrx_word' id='word_1_122' title='bbox 878 2314 945 2355; x_wconf 89' lang='lat' dir='ltr'>arce</span> <span class='ocrx_word' id='word_1_123' title='bbox 967 2298 1074 2356; x_wconf 87' lang='lat' dir='ltr'>sanctis</span> <span class='ocrx_word' id='word_1_124' title='bbox 1096 2302 1230 2371; x_wconf 81' lang='lat' dir='ltr'>regnaret</span> 
     </span>
     <span class='ocr_line' id='line_1_22' title="bbox 246 2383 1185 2457; baseline 0.003 -16"><span class='ocrx_word' id='word_1_125' title='bbox 246 2383 332 2442; x_wconf 86' lang='lat' dir='ltr'>Piens</span> <span class='ocrx_word' id='word_1_126' title='bbox 356 2383 410 2442; x_wconf 92' lang='lat' dir='ltr'>Dei</span> <span class='ocrx_word' id='word_1_127' title='bbox 432 2383 533 2457; x_wconf 80' lang='lat' dir='ltr'>gratia.</span> <span class='ocrx_word' id='word_1_128' title='bbox 859 2384 1000 2443; x_wconf 65' lang='lat' dir='ltr'>(molestis</span> <span class='ocrx_word' id='word_1_129' title='bbox 1023 2384 1185 2445; x_wconf 79' lang='lat' dir='ltr'>cacuminis.</span> 
     </span>
    </p>
   </div>
   <div class='ocr_carea' id='block_1_7' title="bbox 149 2484 1270 3517">
    <p class='ocr_par' dir='ltr' id='par_1_7' title="bbox 149 2484 1270 3517">
     <span class='ocr_line' id='line_1_23' title="bbox 149 2484 1133 2559; baseline -0.003 -13"><span class='ocrx_word' id='word_1_130' title='bbox 149 2490 178 2547; x_wconf 83' lang='lat'>3.</span> <span class='ocrx_word' id='word_1_131' title='bbox 202 2486 302 2544; x_wconf 84' lang='lat' dir='ltr'>Cultus</span> <span class='ocrx_word' id='word_1_132' title='bbox 325 2502 412 2545; x_wconf 86' lang='lat' dir='ltr'>vanos</span> <span class='ocrx_word' id='word_1_133' title='bbox 434 2485 575 2544; x_wconf 86' lang='lat' dir='ltr'>idolorum</span> <span class='ocrx_word' id='word_1_134' title='bbox 765 2487 793 2545; x_wconf 81' lang='lat'>7.</span> <span class='ocrx_word' id='word_1_135' title='bbox 819 2484 906 2543; x_wconf 64' lang='lat' dir='ltr'>ltucia</span> <span class='ocrx_word' id='word_1_136' title='bbox 930 2487 991 2543; x_wconf 90' lang='lat' dir='ltr'>lace</span> <span class='ocrx_word' id='word_1_137' title='bbox 1013 2486 1133 2559; x_wconf 89' lang='lat' dir='ltr'>pudoris</span> 
     </span>
     <span class='ocr_line' id='line_1_24' title="bbox 244 2568 1200 2644; baseline -0.004 -13"><span class='ocrx_word' id='word_1_138' title='bbox 244 2572 284 2631; x_wconf 87' lang='lat' dir='ltr'>Et</span> <span class='ocrx_word' id='word_1_139' title='bbox 310 2568 428 2631; x_wconf 87' lang='lat' dir='ltr'>fraudes</span> <span class='ocrx_word' id='word_1_140' title='bbox 450 2571 609 2640; x_wconf 88' lang='lat' dir='ltr'>abhorruit,</span> <span class='ocrx_word' id='word_1_141' title='bbox 860 2570 984 2644; x_wconf 79' lang='lat' dir='ltr'>Fulgens</span> <span class='ocrx_word' id='word_1_142' title='bbox 1010 2578 1039 2630; x_wconf 91' lang='lat' dir='ltr'>et</span> <span class='ocrx_word' id='word_1_143' title='bbox 1060 2571 1200 2644; x_wconf 81' lang='lat' dir='ltr'>martyrii,</span> 
     </span>
     <span class='ocr_line' id='line_1_25' title="bbox 201 2656 1137 2731; baseline 0 -17"><span class='ocrx_word' id='word_1_144' title='bbox 201 2657 240 2714; x_wconf 82' lang='lat' dir='ltr'>Et</span> <span class='ocrx_word' id='word_1_145' title='bbox 263 2658 321 2716; x_wconf 86' lang='lat' dir='ltr'>doli</span> <span class='ocrx_word' id='word_1_146' title='bbox 345 2658 417 2715; x_wconf 88' lang='lat' dir='ltr'>ritas</span> <span class='ocrx_word' id='word_1_147' title='bbox 440 2672 537 2714; x_wconf 86' lang='lat' dir='ltr'>sorum</span> <span class='ocrx_word' id='word_1_148' title='bbox 818 2656 887 2729; x_wconf 78' lang='lat' dir='ltr'>igne</span> <span class='ocrx_word' id='word_1_149' title='bbox 910 2657 1000 2715; x_wconf 89' lang='lat' dir='ltr'>divini</span> <span class='ocrx_word' id='word_1_150' title='bbox 1022 2658 1137 2731; x_wconf 89' lang='lat' dir='ltr'>amoris,</span> 
     </span>
     <span class='ocr_line' id='line_1_26' title="bbox 244 2741 1229 2815; baseline -0.002 -15"><span class='ocrx_word' id='word_1_151' title='bbox 244 2743 354 2801; x_wconf 87' lang='lat' dir='ltr'>Imitari</span> <span class='ocrx_word' id='word_1_152' title='bbox 376 2742 480 2813; x_wconf 90' lang='lat' dir='ltr'>renuit,</span> <span class='ocrx_word' id='word_1_153' title='bbox 859 2742 917 2815; x_wconf 90' lang='lat' dir='ltr'>Spe</span> <span class='ocrx_word' id='word_1_154' title='bbox 940 2758 1076 2802; x_wconf 86' lang='lat' dir='ltr'>succensa</span> <span class='ocrx_word' id='word_1_155' title='bbox 1098 2741 1229 2815; x_wconf 83' lang='lat' dir='ltr'>praemii,</span> 
     </span>
     <span class='ocr_line' id='line_1_27' title="bbox 203 2826 1258 2887; baseline -0.001 -1"><span class='ocrx_word' id='word_1_156' title='bbox 203 2828 261 2886; x_wconf 88' lang='lat' dir='ltr'>Cur</span> <span class='ocrx_word' id='word_1_157' title='bbox 283 2843 346 2886; x_wconf 83' lang='lat' dir='ltr'>esso</span> <span class='ocrx_word' id='word_1_158' title='bbox 368 2844 484 2887; x_wconf 87' lang='lat' dir='ltr'>consors</span> <span class='ocrx_word' id='word_1_159' title='bbox 506 2832 668 2885; x_wconf 88' lang='lat' dir='ltr'>sanctorum</span> <span class='ocrx_word' id='word_1_160' title='bbox 815 2826 876 2885; x_wconf 81' lang='lat' dir='ltr'>Fac</span> <span class='ocrx_word' id='word_1_161' title='bbox 898 2845 949 2886; x_wconf 91' lang='lat' dir='ltr'>nos</span> <span class='ocrx_word' id='word_1_162' title='bbox 972 2833 1119 2887; x_wconf 74' lang='lat' dir='ltr'>consortes</span> <span class='ocrx_word' id='word_1_163' title='bbox 1142 2827 1258 2886; x_wconf 89' lang='lat' dir='ltr'>honoris</span> 
     </span>
     <span class='ocr_line' id='line_1_28' title="bbox 248 2909 1114 2988; baseline 0.003 -18"><span class='ocrx_word' id='word_1_164' title='bbox 248 2909 281 2970; x_wconf 94' lang='lat' dir='ltr'>ln</span> <span class='ocrx_word' id='word_1_165' title='bbox 304 2913 438 2986; x_wconf 90' lang='lat' dir='ltr'>supernis</span> <span class='ocrx_word' id='word_1_166' title='bbox 459 2911 572 2972; x_wconf 90' lang='lat' dir='ltr'>meruit.</span> <span class='ocrx_word' id='word_1_167' title='bbox 858 2913 976 2986; x_wconf 80' lang='lat' dir='ltr'>Angelis</span> <span class='ocrx_word' id='word_1_168' title='bbox 998 2914 1114 2988; x_wconf 77' lang='lat' dir='ltr'>egregii.</span> 
     </span>
     <span class='ocr_line' id='line_1_29' title="bbox 149 3014 1216 3090; baseline -0.003 -15"><span class='ocrx_word' id='word_1_169' title='bbox 149 3018 179 3078; x_wconf 80' lang='lat'>4.</span> <span class='ocrx_word' id='word_1_170' title='bbox 203 3015 358 3074; x_wconf 79' lang='lat' dir='ltr'>Laetantur</span> <span class='ocrx_word' id='word_1_171' title='bbox 379 3016 456 3074; x_wconf 90' lang='lat' dir='ltr'>dona</span> <span class='ocrx_word' id='word_1_172' title='bbox 477 3014 615 3074; x_wconf 91' lang='lat' dir='ltr'>bonorum</span> <span class='ocrx_word' id='word_1_173' title='bbox 764 3018 793 3077; x_wconf 88' lang='grc'>8.</span> <span class='ocrx_word' id='word_1_174' title='bbox 818 3016 894 3074; x_wconf 87' lang='lat' dir='ltr'>Laus</span> <span class='ocrx_word' id='word_1_175' title='bbox 916 3031 1057 3088; x_wconf 90' lang='lat' dir='ltr'>personae</span> <span class='ocrx_word' id='word_1_176' title='bbox 1080 3016 1216 3090; x_wconf 81' lang='lat' dir='ltr'>genitoris</span> 
     </span>
     <span class='ocr_line' id='line_1_30' title="bbox 248 3100 1132 3175; baseline -0.001 -16"><span class='ocrx_word' id='word_1_177' title='bbox 248 3101 355 3174; x_wconf 80' lang='lat' dir='ltr'>Egenis</span> <span class='ocrx_word' id='word_1_178' title='bbox 378 3100 524 3160; x_wconf 89' lang='lat' dir='ltr'>distribuit</span> <span class='ocrx_word' id='word_1_179' title='bbox 860 3101 952 3159; x_wconf 85' lang='lat' dir='ltr'>Detur</span> <span class='ocrx_word' id='word_1_180' title='bbox 973 3109 1058 3175; x_wconf 87' lang='lat' dir='ltr'>atque</span> <span class='ocrx_word' id='word_1_181' title='bbox 1082 3101 1132 3160; x_wconf 89' lang='lat' dir='ltr'>filii</span> 
     </span>
     <span class='ocr_line' id='line_1_31' title="bbox 205 3186 1270 3260; baseline 0 -15"><span class='ocrx_word' id='word_1_182' title='bbox 205 3187 375 3245; x_wconf 82' lang='lat' dir='ltr'>Christianis</span> <span class='ocrx_word' id='word_1_183' title='bbox 397 3187 587 3260; x_wconf 81' lang='lat' dir='ltr'>propriorum,</span> <span class='ocrx_word' id='word_1_184' title='bbox 817 3186 856 3244; x_wconf 84' lang='lat' dir='ltr'>Et</span> <span class='ocrx_word' id='word_1_185' title='bbox 877 3189 1038 3259; x_wconf 82' lang='lat' dir='ltr'>pneumatis</span> <span class='ocrx_word' id='word_1_186' title='bbox 1061 3187 1170 3245; x_wconf 90' lang='lat' dir='ltr'>cunctis</span> <span class='ocrx_word' id='word_1_187' title='bbox 1192 3186 1270 3245; x_wconf 85' lang='lat' dir='ltr'>horis</span> 
     </span>
     <span class='ocr_line' id='line_1_32' title="bbox 245 3272 1143 3346; baseline 0 -16"><span class='ocrx_word' id='word_1_188' title='bbox 245 3273 314 3344; x_wconf 80' lang='lat' dir='ltr'>Quis</span> <span class='ocrx_word' id='word_1_189' title='bbox 333 3288 416 3346; x_wconf 80' lang='lat' dir='ltr'>egere</span> <span class='ocrx_word' id='word_1_190' title='bbox 437 3272 540 3345; x_wconf 83' lang='lat' dir='ltr'>potuit,</span> <span class='ocrx_word' id='word_1_191' title='bbox 861 3274 1015 3332; x_wconf 89' lang='lat' dir='ltr'>Precantes</span> <span class='ocrx_word' id='word_1_192' title='bbox 1038 3272 1143 3345; x_wconf 82' lang='lat' dir='ltr'>eximii,</span> 
     </span>
     <span class='ocr_line' id='line_1_33' title="bbox 206 3357 1236 3431; baseline -0.001 -15"><span class='ocrx_word' id='word_1_193' title='bbox 206 3357 343 3431; x_wconf 85' lang='lat' dir='ltr'>Noverat,</span> <span class='ocrx_word' id='word_1_194' title='bbox 365 3359 441 3431; x_wconf 84' lang='lat' dir='ltr'>quod</span> <span class='ocrx_word' id='word_1_195' title='bbox 464 3373 515 3416; x_wconf 86' lang='lat' dir='ltr'>rex</span> <span class='ocrx_word' id='word_1_196' title='bbox 538 3358 680 3415; x_wconf 87' lang='lat' dir='ltr'>coelorum</span> <span class='ocrx_word' id='word_1_197' title='bbox 819 3357 858 3417; x_wconf 93' lang='lat' dir='ltr'>Ut</span> <span class='ocrx_word' id='word_1_198' title='bbox 880 3359 1006 3417; x_wconf 88' lang='lat' dir='ltr'>vivamus</span> <span class='ocrx_word' id='word_1_199' title='bbox 1026 3360 1118 3430; x_wconf 88' lang='lat' dir='ltr'>juncti</span> <span class='ocrx_word' id='word_1_200' title='bbox 1142 3357 1236 3416; x_wconf 83' lang='lat' dir='ltr'>choris</span> 
     </span>
     <span class='ocr_line' id='line_1_34' title="bbox 247 3442 1116 3517; baseline 0 -15"><span class='ocrx_word' id='word_1_201' title='bbox 247 3444 399 3503; x_wconf 88' lang='lat' dir='ltr'>Hortando</span> <span class='ocrx_word' id='word_1_202' title='bbox 421 3444 463 3501; x_wconf 92' lang='lat' dir='ltr'>sic</span> <span class='ocrx_word' id='word_1_203' title='bbox 485 3444 591 3503; x_wconf 88' lang='lat' dir='ltr'>docuit.</span> <span class='ocrx_word' id='word_1_204' title='bbox 860 3442 983 3516; x_wconf 87' lang='lat' dir='ltr'>Supemi</span> <span class='ocrx_word' id='word_1_205' title='bbox 1005 3445 1116 3517; x_wconf 88' lang='lat' dir='ltr'>palatii.</span> 
     </span>
    </p>
   </div>
   <div class='ocr_carea' id='block_1_8' title="bbox 151 3559 1329 3694">
    <p class='ocr_par' dir='ltr' id='par_1_8' title="bbox 151 3559 1329 3694">
     <span class='ocr_line' id='line_1_35' title="bbox 223 3559 1329 3628; baseline -0.002 -17"><span class='ocrx_word' id='word_1_206' title='bbox 223 3564 297 3612; x_wconf 88' lang='lat' dir='ltr'>Brev.</span> <span class='ocrx_word' id='word_1_207' title='bbox 322 3561 480 3611; x_wconf 84' lang='lat' dir='ltr'>Celsonense</span> <span class='ocrx_word' id='word_1_208' title='bbox 504 3564 566 3627; x_wconf 89' lang='lat' dir='ltr'>imp.</span> <span class='ocrx_word' id='word_1_209' title='bbox 591 3560 817 3628; x_wconf 78' lang='lat' dir='ltr'>Caesaraugustae</span> <span class='ocrx_word' id='word_1_210' title='bbox 842 3559 916 3611; x_wconf 83' lang='lat'>1514.</span> <span class='ocrx_word' id='word_1_211' title='bbox 945 3588 968 3596; x_wconf 83' lang='lat'>-</span> <span class='ocrx_word' id='word_1_212' title='bbox 1004 3562 1151 3612; x_wconf 80' lang='lat' dir='ltr'>Variaaser:</span> <span class='ocrx_word' id='word_1_213' title='bbox 1177 3561 1329 3624; x_wconf 77' lang='lat' dir='ltr'>Anonyurus</span> 
     </span>
     <span class='ocr_line' id='line_1_36' title="bbox 151 3627 650 3694; baseline -0.004 -14"><span class='ocrx_word' id='word_1_214' title='bbox 151 3630 327 3682; x_wconf 73' lang='lat' dir='ltr'>Oolsonensis.</span> <span class='ocrx_word' id='word_1_215' title='bbox 345 3655 380 3665; x_wconf 90' lang='lat'>—</span> <span class='ocrx_word' id='word_1_216' title='bbox 397 3627 422 3690; x_wconf 80' lang='lat'>4,</span> <span class='ocrx_word' id='word_1_217' title='bbox 441 3627 457 3680; x_wconf 82' lang='lat'>4</span> <span class='ocrx_word' id='word_1_218' title='bbox 476 3632 548 3692; x_wconf 84' lang='lat' dir='ltr'>Quos</span> <span class='ocrx_word' id='word_1_219' title='bbox 566 3645 650 3694; x_wconf 81' lang='lat' dir='ltr'>egere.</span> 
     </span>
    </p>
   </div>
   <div class='ocr_carea' id='block_1_9' title="bbox 557 3863 918 3923">
    <p class='ocr_par' dir='ltr' id='par_1_9' title="bbox 557 3863 918 3923">
     <span class='ocr_line' id='line_1_37' title="bbox 557 3863 918 3923; baseline 0 -1"><span class='ocrx_word' id='word_1_220' title='bbox 557 3865 615 3922; x_wconf 74' lang='lat' dir='ltr'>tto.</span> <span class='ocrx_word' id='word_1_221' title='bbox 652 3865 690 3922; x_wconf 79' lang='lat' dir='ltr'>lte</span> <span class='ocrx_word' id='word_1_222' title='bbox 708 3869 807 3923; x_wconf 85' lang='lat' dir='ltr'>saneta</span> <span class='ocrx_word' id='word_1_223' title='bbox 825 3863 918 3923; x_wconf 77' lang='lat' dir='ltr'>Lucia.</span> 
     </span>
    </p>
   </div>
   <div class='ocr_carea' id='block_1_10' title="bbox 621 3986 854 4043">
    <p class='ocr_par' dir='ltr' id='par_1_10' title="bbox 621 3986 854 4043">
     <span class='ocr_line' id='line_1_38' title="bbox 621 3986 854 4043; baseline 0.004 -3"><span class='ocrx_word' id='word_1_224' title='bbox 621 3986 664 4040; x_wconf 80' lang='lat' dir='ltr'>Ad</span> <span class='ocrx_word' id='word_1_225' title='bbox 682 3987 854 4043; x_wconf 88' lang='lat' dir='ltr'>Nocturnum.</span> 
     </span>
    </p>
   </div>
   <div class='ocr_carea' id='block_1_11' title="bbox 157 4113 1287 4443">
    <p class='ocr_par' dir='ltr' id='par_1_11' title="bbox 157 4113 1287 4443">
     <span class='ocr_line' id='line_1_39' title="bbox 157 4113 1201 4193; baseline 0 -20"><span class='ocrx_word' id='word_1_226' title='bbox 157 4116 182 4179; x_wconf 87' lang='lat' dir='ltr'>i.</span> <span class='ocrx_word' id='word_1_227' title='bbox 206 4114 312 4172; x_wconf 88' lang='lat' dir='ltr'>Luciae</span> <span class='ocrx_word' id='word_1_228' title='bbox 334 4113 456 4172; x_wconf 89' lang='lat' dir='ltr'>laetetur</span> <span class='ocrx_word' id='word_1_229' title='bbox 477 4115 566 4187; x_wconf 77' lang='lat' dir='ltr'>gestis</span> <span class='ocrx_word' id='word_1_230' title='bbox 768 4118 797 4174; x_wconf 83' lang='lat'>2.</span> <span class='ocrx_word' id='word_1_231' title='bbox 819 4114 924 4173; x_wconf 82' lang='lat' dir='ltr'>Exstat</span> <span class='ocrx_word' id='word_1_232' title='bbox 951 4130 1003 4173; x_wconf 88' lang='lat' dir='ltr'>sua</span> <span class='ocrx_word' id='word_1_233' title='bbox 1028 4115 1086 4175; x_wconf 87' lang='lat' dir='ltr'>vita</span> <span class='ocrx_word' id='word_1_234' title='bbox 1111 4116 1201 4193; x_wconf 84' lang='lat' dir='ltr'>testis,</span> 
     </span>
     <span class='ocr_line' id='line_1_40' title="bbox 206 4198 1287 4276; baseline 0.001 -18"><span class='ocrx_word' id='word_1_235' title='bbox 206 4199 304 4258; x_wconf 83' lang='lat' dir='ltr'>Turba</span> <span class='ocrx_word' id='word_1_236' title='bbox 330 4198 464 4257; x_wconf 87' lang='lat' dir='ltr'>virtutum</span> <span class='ocrx_word' id='word_1_237' title='bbox 487 4199 614 4257; x_wconf 81' lang='lat' dir='ltr'>incaestis</span> <span class='ocrx_word' id='word_1_238' title='bbox 822 4200 902 4270; x_wconf 74' lang='lat' dir='ltr'>Quod</span> <span class='ocrx_word' id='word_1_239' title='bbox 926 4202 981 4259; x_wconf 88' lang='lat' dir='ltr'>hac</span> <span class='ocrx_word' id='word_1_240' title='bbox 1001 4199 1056 4260; x_wconf 86' lang='lat' dir='ltr'>init</span> <span class='ocrx_word' id='word_1_241' title='bbox 1078 4209 1177 4276; x_wconf 87' lang='lat' dir='ltr'>spreta</span> <span class='ocrx_word' id='word_1_242' title='bbox 1199 4203 1287 4274; x_wconf 86' lang='lat' dir='ltr'>pestis</span> 
     </span>
     <span class='ocr_line' id='line_1_41' title="bbox 207 4284 1096 4347; baseline 0.003 -4"><span class='ocrx_word' id='word_1_243' title='bbox 207 4286 318 4344; x_wconf 82' lang='lat' dir='ltr'>Mando</span> <span class='ocrx_word' id='word_1_244' title='bbox 340 4286 427 4344; x_wconf 83' lang='lat' dir='ltr'>corde</span> <span class='ocrx_word' id='word_1_245' title='bbox 449 4284 576 4343; x_wconf 83' lang='lat' dir='ltr'>fideliam</span> <span class='ocrx_word' id='word_1_246' title='bbox 823 4286 958 4346; x_wconf 75' lang='lat' dir='ltr'>Culturae</span> <span class='ocrx_word' id='word_1_247' title='bbox 979 4289 1096 4347; x_wconf 82' lang='lat' dir='ltr'>exitium</span> 
     </span>
     <span class='ocr_line' id='line_1_42' title="bbox 208 4370 1152 4443; baseline 0.005 -13"><span class='ocrx_word' id='word_1_248' title='bbox 208 4375 303 4443; x_wconf 85' lang='lat' dir='ltr'>Atque</span> <span class='ocrx_word' id='word_1_249' title='bbox 326 4370 429 4428; x_wconf 83' lang='lat' dir='ltr'>chorus</span> <span class='ocrx_word' id='word_1_250' title='bbox 452 4372 625 4432; x_wconf 62' lang='lat' dir='ltr'>corriestintn.</span> <span class='ocrx_word' id='word_1_251' title='bbox 823 4372 967 4432; x_wconf 85' lang='lat' dir='ltr'>idolorum</span> <span class='ocrx_word' id='word_1_252' title='bbox 990 4375 1152 4435; x_wconf 85' lang='lat' dir='ltr'>obnoxiant.</span> 
     </span>
    </p>
   </div>
   <div class='ocr_carea' id='block_1_12' title="bbox 0 0 1464 4868">
    <p class='ocr_par' dir='ltr' id='par_1_12' title="bbox 0 0 1464 4868">
     <span class='ocr_line' id='line_1_43' title="bbox 0 0 1464 4868; baseline 0 0"><span class='ocrx_word' id='word_1_253' title='bbox 0 0 1464 4868; x_wconf 95' lang='lat' dir='ltr'> </span> 
     </span>
    </p>
   </div>
  </div>
 </body>
</html>
