2918 4868
602 291 834 356 -199-

480 478 518 535 lo.
554 476 718 535 conductum
737 476 828 535 saneti
846 479 952 551 leuati,

200 629 218 669 a
240 610 426 682 magistro
448 606 634 679 Robert0‚
657 606 857 665 cardinali
879 608 1059 683 Romano,
1082 612 1235 677 editum.

421 765 449 822 1.
473 763 598 822 Resonet
619 766 718 821 nostra
739 760 861 820 Domino
881 767 998 822 oeterve

515 846 610 906 Corde
628 846 765 919 jucundo,

475 932 577 992 Jaeobi
600 931 675 991 festa
696 931 824 992 celebret
845 933 950 992 devota

516 1020 643 1092 Corpore
663 1018 780 1080 mundo.

421 1163 449 1219 2.
472 1157 557 1216 Fecit
578 1156 626 1214 hie
647 1156 737 1231 signa,
760 1157 899 1216 miracula
921 1158 1017 1233 digna,

517 1243 598 1301 lllitie
620 1248 652 1300 ut
672 1259 773 1320 agnus,
799 1284 808 1309 .

472 1329 535 1387 Lux
558 1326 613 1386 luit
635 1329 727 1387 oaecls
749 1328 923 1403 baculusque
948 1331 1058 1391 alaudis

516 1412 641 1476 Jaoobus
663 1430 792 1487 magnus.

423 1556 451 1616 3.
475 1551 580 1624 Fulget
600 1550 630 1607 in
653 1551 734 1609 coelo
755 1550 844 1624 signis
866 1553 947 1611 etin
970 1555 1076 1614 mundo

518 1635 602 1694 Nune
623 1636 685 1694 eine
708 1640 793 1707 mete,

478 1720 670 1780 Gallaeciaais
691 1721 858 1796 resplendet
879 1723 908 1782 iu
930 1725 1020 1798 siguis

519 1806 602 1865 Felix
628 1807 745 1867 athleta

423 1948 453 2007 4.
476 1946 533 2005 Hic
556 1949 749 2018 conservator,
772 1946 930 2020 Hispaniae
952 1952 1039 2022 ianr,

518 2031 631 2110 lageas,
656 2031 832 2105 praeclarus,

478 2117 534 2174 llio
557 2120 689 2190 protegat
709 2133 771 2192 nos,
793 2133 830 2175 ne
853 2117 993 2194 deglutiat
1014 2136 1066 2177 noe

520 2204 611 2261 Oreus
633 2218 756 2263 amarus.

546 2344 574 2402 5.
598 2340 713 2413 Lector,
734 2341 798 2415 lege

598 2425 639 2485 Et
661 2425 697 2484 de
720 2442 798 2503 rege,

639 2511 694 2583 Qui
716 2512 902 2585 regitanae,

639 2596 713 2657 Die:
734 2597 819 2668 Jube,
839 2597 959 2660 Damae.

206 2718 262 2768 cM.
280 2743 314 2753 -
334 2712 360 2777 1,
385 2714 401 2766 4
420 2716 486 2767 fehlt
502 2717 539 2766 M.
560 2743 593 2752 -
610 2712 640 2776 2,
662 2711 675 2766 l
694 2715 761 2766 fehlt
778 2715 814 2767 Μ.
832 2742 865 2751 -
884 2712 912 2777 3,
932 2712 949 2765 2
967 2717 1045 2767 Hune
1062 2718 1120 2767 eine
1140 2723 1210 2768 meta
1226 2718 1263 2767 M.
1284 2744 1311 2752 -

138 2777 211 2837 Uber
228 2787 320 2836 dienen
339 2782 463 2836 Cardinal
482 2785 582 2836 Robert
599 2783 702 2834 eoheint
719 2784 837 2835 Halteres
855 2785 929 2835 nicht
950 2785 1068 2836 bekannt
1086 2802 1118 2836 au
1133 2787 1199 2836 eoin.

492 3018 525 3076 ll.
560 3017 725 3077 conductu!
745 3018 838 3077 uenetl
856 3020 962 3090 sedon,

181 3146 602 3223 asanctoFortanato,
624 3146 865 3207 Pictavienei
889 3147 1095 3221 episcopo,
1119 3147 1272 3208 editum.

245 3301 272 3361 1.
294 3300 389 3372 Salve,
412 3297 488 3358 festa
511 3299 582 3372 dieu,
606 3299 770 3359 veneranda
792 3316 845 3374 per
866 3301 962 3361 omnia
982 3299 1044 3373 fies,

338 3386 400 3457 Qua
422 3384 517 3443 coeloe
539 3383 628 3443 subiit
648 3383 786 3457 lacobus,
808 3391 842 3444 ut
863 3387 976 3446 meruit.

430 3471 621 3530 Gaudeamus.

247 3612 275 3669 2.
300 3608 356 3666 llic
379 3607 466 3666 decus
488 3613 532 3666 est
552 3615 657 3681 terrae,
681 3625 765 3681 quam
788 3609 924 3668 terminat
945 3609 1046 3668 ultima
1068 3609 1160 3681 Thilo,

329 3694 393 3753 lioe
414 3694 486 3753 satis
508 3700 552 3752 est
575 3710 692 3769 regnum
714 3694 852 3754 (lelleeiis
875 3695 981 3755 habile.

432 3778 625 3843 Gaudeamus.

245 3919 274 3979 3.
298 3917 351 3990 Qui
375 3916 425 3974 dat
446 3915 598 3975 mundanis
620 3915 760 3974 miracula
780 3917 904 3990 plurime
925 3917 1021 3989 terris,

331 4002 417 4062 Unde
438 4002 528 4075 magis
551 4000 666 4074 populis
687 4001 789 4060 unicus
811 4008 905 4061 exstat
927 4019 1016 4061 amor.

434 4087 625 4146 Gaudeamus.

247 4230 276 4287 4.
300 4224 353 4296 Qui
376 4225 455 4282 velut
476 4225 535 4283 alta
556 4224 669 4284 Pharus
690 4223 787 4283 lunen
811 4226 958 4299 protendit
979 4226 1017 4283 ad
1040 4226 1139 4292 Indae,

330 4311 417 4383 Quem
442 4311 596 4382 Hispanus,
621 4309 749 4383 Maurus,
773 4310 873 4387 Perea,
896 4310 1051 4369 Britannus
1074 4315 1160 4370 amat.

435 4395 627 4458 Gaudeamus.
