2918 4868
605 311 834 378 -167-

251 488 577 553 Iu1.Noctnrn0.

324 607 501 673 Antiphonae.

143 715 171 777 1.
196 712 252 771 Hic
272 712 317 770 vir
339 713 449 770 culmen
471 710 620 770 abborruit

237 798 363 857 Honoris
385 797 546 871 pestilentis

194 883 234 941 Et
252 884 282 941 in
305 882 354 941 via
375 900 432 941 non
455 882 527 941 abiit

237 969 340 1042 Populi
364 967 566 1041 delinquentis.

141 1108 169 1166 2.
193 1108 227 1166 Iu
248 1107 328 1180 virga
349 1106 426 1164 rexit
447 1102 542 1164 ferree

234 1191 348 1251 Deliros
369 1209 387 1250 a
409 1192 526 1264 virtute,

193 1277 269 1349 Quos
291 1276 328 1336 ab
350 1277 477 1352 Aegypti
499 1283 595 1335 terrea

238 1361 386 1422 subtraxit
408 1363 556 1422 servitute.

141 1503 170 1564 3.
193 1499 238 1559 Do
260 1507 356 1559 monte
378 1505 477 1559 sancto
499 1499 638 1558 Dominus

237 1587 372 1646 Orantem
395 1585 552 1660 exaudivit,

193 1672 281 1744 Quem
305 1672 414 1729 cunctis
437 1670 620 1728 nihilominus

236 1759 271 1817 In
296 1756 376 1815 bonis
398 1755 548 1816 stabilivit.

320 1892 506 1957 Responsoria„

145 1998 172 2059 1.
196 1996 336 2055 Solemnis
357 1997 445 2055 instat
468 1995 546 2054 dulia

238 2081 443 2141 Sacrosanctae
466 2081 534 2154 diei,

196 2168 229 2227 In
251 2184 308 2243 qua
330 2167 473 2225 coelomm
495 2167 573 2225 cuma

239 2253 309 2311 Tum
332 2251 519 2311 admirandae
540 2251 582 2311 rei

197 2337 358 2411 Applaudit
380 2342 409 2394 et
430 2338 596 2410 conjubilat,

195 2423 236 2483 Et
257 2424 335 2483 volnt
354 2440 455 2482 aurum
477 2424 577 2482 rutilat

240 2509 352 2568 &rona
374 2510 491 2585 speciei,

134 2597 169 2657 V.
195 2595 272 2666 Quae
294 2597 381 2655 Petro
404 2594 490 2654 datur
511 2594 638 2668 praesuli

199 2681 255 2739 Pro
277 2680 378 2739 laboro
399 2679 553 2753 multiplici

237 2767 272 2826 In
294 2767 360 2825 aula
380 2767 483 2827 summi
505 2765 572 2828 Dei.

147 2908 175 2967 2.
199 2903 363 2962 Praeclusis
385 2903 484 2963 mnudi
507 2903 638 2963 cladibus
685 2946 687 2951 .

197 2989 375 3048 Humilitatis
398 2988 534 3063 gradibus

241 3076 289 3133 Ad
311 3075 366 3133 Dei
385 3074 499 3134 scandit
521 3069 634 3145 num'cn,

200 3159 307 3219 Famae
329 3157 461 3233 fragrans
483 3160 620 3219 odoribus

201 3245 389 3318 Compaginat
411 3245 442 3303 in
465 3243 591 3303 moribus

241 3331 425 3390 Constantiae
447 3329 583 3403 bitumen,

136 3417 171 3476 V.
198 3415 250 3473 Vir
271 3415 410 3489 gloriosus
432 3416 542 3474 meritis

200 3502 263 3574 His,
287 3516 359 3574 quae
382 3501 561 3578 sordescunt,
585 3500 685 3559 veritis

242 3586 377 3646 Divinum
400 3593 501 3646 nactus
522 3586 627 3646 lumen

150 3728 179 3786 3.
204 3725 369 3784 Altitonuns
389 3724 546 3783 antistitem

244 3810 378 3869 Laudans
401 3825 436 3867 ex
459 3809 610 3880 coelibatu,

201 3897 290 3969 Quem
314 3896 343 3953 in
364 3896 471 3955 mundo
490 3895 673 3968 superstitem

244 3982 400 4055 Protegens
421 3999 440 4040 a
461 3985 543 4039 reatu

201 4064 266 4124 Non
288 4067 398 4140 gratiae
421 4065 591 4140 participem

249 4152 334 4211 Hunc
356 4151 415 4210 labi
439 4152 500 4211 vult
521 4169 539 4210 a
561 4156 646 4223 statu,

139 4238 175 4300 V.
204 4237 306 4296 Carnis
329 4237 475 4296 declinans
497 4234 635 4308 tomitem,

203 4322 330 4381 Mentem
352 4323 489 4383 virtutum
512 4322 643 4381 comitem

247 4408 359 4467 Tenens
378 4409 407 4466 in
431 4409 586 4475 dominatu.

868 489 909 547 In
932 490 961 549 2.
984 489 1190 550 Nocturna.

937 607 1114 673 Antiphanes.

728 776 731 781 ,
758 712 785 770 1.
809 710 936 785 Signavit
960 719 1089 771 sanctum
1111 713 1217 770 lumine

851 796 1029 871 Redemptor
1049 798 1093 856 sui
1115 799 1219 874 vultus,

809 883 897 953 Quem
920 883 1036 942 sustulit
1059 884 1095 942 de
1117 881 1232 942 flumine

853 969 1011 1028 Procellcsi
1034 970 1181 1029 tumultus.

758 1108 786 1166 2.
809 1105 898 1165 Mane
919 1112 1084 1166 constanter
1105 1107 1220 1166 adstitit

851 1195 929 1250 Ante
950 1191 1005 1251 Dei
1028 1200 1211 1266 conspectum

809 1278 905 1352 Atque
926 1295 980 1351 pro
1003 1278 1059 1336 reis
1081 1279 1226 1351 praestitit

854 1362 912 1422 Vas
932 1379 1049 1436 precum
1072 1365 1274 1437 praeelectum.

757 1502 786 1560 3.
809 1500 993 1559 Paulominns
1015 1498 1052 1557 ab
1076 1499 1185 1574 angelis

852 1585 937 1643 Hunc
959 1584 1037 1643 Deus
1059 1585 1221 1660 minoravit,

810 1672 899 1742 Quem
920 1670 963 1729 sic
984 1671 1014 1728 in
1036 1669 1184 1730 sacrificiis

852 1756 1018 1829 Digniorem
1041 1757 1219 1815 monstravit.

935 1893 1122 1959 Reoponaoria.

761 1998 789 2061 l.
813 1997 919 2056 Rector
938 1996 1019 2055 urbis

855 2083 1003 2156 praesedit
1025 2081 1138 2139 dirutos

813 2168 853 2226 Et
875 2181 991 2226 eversae

855 2258 955 2326 pastor
977 2251 1124 2322 ecclesiae,

816 2340 997 2415 aggregant

856 2439 947 2484 novae
969 2420 1104 2495 familiae,

750 2510 785 2571 V.
811 2509 868 2569 Hic
890 2509 1006 2568 divinae

856 2610 1005 2669 possessor
1025 2593 1135 2666 prauae

812 2680 931 2739 Hostem
953 2680 1056 2738 stravit

856 2766 948 2825 omnis
969 2762 1110 2824 fallaciae.

765 2905 794 2963 2.
817 2901 978 2961 Desudavit
999 2903 1029 2960 in
1052 2900 1147 2961 stadio

815 2987 874 3047 Sub
897 2989 981 3060 hujus
1002 2987 1075 3045 lucis
1097 2986 1179 3045 radio

858 3074 910 3132 Vir
932 3072 1048 3132 Domini
1069 3071 1244 3145 praeclarus,

815 3159 860 3219 De
882 3159 975 3218 crucis
997 3157 1169 3232 patrimonio

815 3247 850 3305 ln
872 3245 999 3317 ejusdem
1022 3241 1175 3316 praeconio

858 3329 923 3388 Non
946 3328 1056 3387 crstitu
1077 3343 1199 3400 arurus;

751 3417 787 3476 V.
815 3415 870 3489 Qui
892 3412 1007 3473 functus
1027 3413 1189 3472 sacerdotio

814 3501 981 3574 Scripturae
1003 3504 1086 3558 vacat
1106 3498 1166 3558 otio

860 3584 1010 3659 Cupidinis
1032 3585 1157 3658 ignums.

765 3727 795 3785 8.
817 3724 948 3783 Electum
971 3722 1125 3781 simoniace

818 3809 908 3868 Juxta
928 3824 1026 3868 sacros
1049 3807 1188 3866 ecelesiae

862 3893 1015 3954 Pontifices
1038 3893 1182 3966 sepultum

819 3980 907 4039 Sacer
928 3980 1063 4039 exhumat
1084 3973 1224 4052 pontifex,

819 4068 882 4126 Hoc
904 4082 1029 4124 summus
1051 4064 1157 4138 probat
1178 4058 1283 4120 artifex

860 4150 1005 4210 Divinitas
1027 4149 1197 4220 consultum,

755 4237 789 4297 V.
820 4235 1065 4310 Praesumptionis
1088 4235 1188 4295 vitium

817 4321 905 4396 Dens,
928 4328 1011 4396 pater
1033 4319 1167 4388 felicium,

859 4407 925 4467 Non
946 4407 1088 4481 praeterit
1108 4405 1240 4464 inultum.
