2918 4868
648 228 685 238 -
732 192 878 257 224-

563 394 622 453 suo.
659 394 698 452 lte
721 397 821 453 sancta
839 396 956 453 Martha.

643 530 646 534 ·
669 517 713 572 Ad
730 518 844 574 Laudes.

175 645 202 704 1.
226 644 318 702 Deum
342 659 439 702 verum
463 649 492 702 et
513 644 655 702 hominem
789 647 818 706 3.
841 644 903 704 Nus
924 663 943 704 a
965 647 1092 719 peccatis
1114 648 1233 704 suscitet

226 729 344 788 Martha
367 729 477 802 recepit
499 729 622 802 hospita,
840 730 896 789 Per
918 748 1018 804 preces
1042 732 1125 804 hujus
1148 733 1267 807 virginis

228 816 251 873 0
276 814 354 886 felix,
374 832 446 887 quae
468 815 627 888 promeruit
841 815 881 874 Et
902 833 953 874 nos
976 818 1005 875 in
1028 818 1114 876 terris
1140 818 1267 890 hospites

228 900 343 958 Habere
365 906 475 959 tantum
496 899 649 974 hospitem.
840 902 875 960 In
899 903 986 960 coelis
1009 903 1085 962 cives
1108 901 1205 963 faciat.

173 1006 202 1064 2.
226 1004 279 1074 Qui
303 1000 422 1061 tratrem
444 1021 525 1062 suom
545 1004 686 1064 Lazarum
787 1006 817 1066 4.
841 1005 972 1064 Praestet
994 1005 1048 1063 hoc
1071 1012 1154 1079 poter
1176 1007 1300 1079 optimus

227 1089 390 1146 Commotus
412 1089 471 1148 suis
493 1089 627 1164 precibus
789 1092 792 1098 '
840 1088 898 1147 Per
918 1090 1017 1148 Josum
1040 1092 1183 1151 Christum
1207 1093 1305 1162 lilium,

226 1174 451 1244 (tuatriduanum
475 1174 613 1235 foetidum
840 1175 894 1248 Qui
916 1191 1011 1235 secum
1033 1176 1063 1235 in
1086 1183 1256 1250 perpetuum

225 1259 380 1318 Suscitavit
404 1279 423 1320 a
444 1261 572 1333 mortuis,
840 1262 955 1340 Regnat
977 1277 1040 1319 cum
1063 1271 1162 1323 sancto
1184 1262 1297 1336 spiritu.

241 1380 320 1428 Brov.
339 1395 386 1428 ms.
403 1379 559 1430 Zamoronse
577 1395 646 1430 saec.
667 1376 706 1430 15.
725 1379 788 1430 Cod.
807 1379 892 1446 Capit
911 1380 1046 1430 Zumoreu.
1065 1397 1086 1430 a.
1104 1397 1130 1430 n.

563 1631 623 1690 397.
659 1631 698 1689 lte
716 1633 816 1689 sancta
834 1631 953 1689 Martha.

657 1736 701 1792 Ad
717 1737 857 1806 vesperae

174 1866 201 1927 l.
224 1865 331 1936 Jesu,
355 1881 501 1924 corona
522 1864 732 1937 virginum,
785 1866 813 1927 3.
837 1863 1065 1936 Quocunque
1086 1863 1229 1940 pergis,
1252 1864 1344 1937 poti-

225 1950 342 2008 Festum
364 1951 490 2010 colentes
513 1949 632 2024 virginis
1142 1965 1216 2007 mus

225 2036 359 2095 Emunda
380 2036 446 2095 labe
469 2036 605 2108 criminis,
837 2034 898 2093 Fac
919 2050 1079 2107 sequamur,
1102 2037 1173 2095 Jesu
1195 2034 1252 2107 pie,

227 2122 313 2180 Malis
331 2121 446 2194 impone
468 2121 628 2184 terminum.
840 2120 881 2180 Ut
903 2134 1051 2178 cernarnus
1072 2120 1103 2178 in
1125 2120 1231 2193 speeie,

839 2208 917 2280 Quae
938 2221 990 2278 spo
1012 2220 1113 2263 secura
1133 2206 1269 2281 gerimus.

173 2313 202 2371 2.
225 2311 294 2384 Qui
317 2310 446 2384 pascis
467 2311 572 2369 inter
595 2311 701 2384 lilia,
785 2312 814 2372 4.
838 2308 1343 2383 Tedepreoamurlargius,

224 2397 285 2455 Nos
308 2412 394 2470 pasce
417 2413 482 2455 rore
504 2397 623 2470 gratiae,
837 2396 861 2455 0
884 2393 991 2454 Christi
1015 2391 1085 2452 felix
1107 2394 1230 2467 hospita,

224 2483 265 2542 Ut
287 2489 352 2555 post
375 2498 487 2540 cursum
510 2483 642 2541 miseriae
836 2481 918 2553 Auge
940 2479 1022 2538 nohis
1045 2496 1098 2553 por
1120 2479 1231 2552 merita,

225 2568 371 2627 Sociemur
392 2567 422 2624 in
444 2568 545 2640 gloria.
834 2568 896 2640 Quo
917 2564 1045 2624 vivamus
1068 2562 1190 2623 felicius

530 2675 558 2732 5.
582 2670 643 2728 Deo
665 2670 742 2743 patri
763 2670 803 2727 sit
823 2669 924 2742 gloria.

239 2791 315 2840 Brev.
340 2804 387 2837 ms.
405 2788 560 2838 Toletauum
582 2804 650 2839 saec.
672 2786 711 2841 15.
729 2787 794 2839 cod.
812 2788 897 2852 Capit
917 2787 1038 2837 Toletani
1055 2784 1149 2838 33-9.
1168 2789 1197 2838 Α.
1216 2815 1246 2824 -
1268 2789 1344 2838 Brev.

169 2859 326 2909 Toletanum
339 2859 401 2922 imp.
415 2858 534 2907 Venetiis
549 2855 623 2907 1483.
635 2859 664 2907 B.
677 2884 709 2892 -
724 2859 797 2907 Brov.
808 2856 965 2906 Toletauum
978 2858 1040 2920 imp.
1053 2857 1172 2907 Veuetiis
1186 2853 1260 2907 1492.
1273 2856 1301 2906 C.
1312 2884 1343 2891 -

172 2929 248 2978 lires.
273 2927 430 2978 Toletanum
455 2927 516 2990 imp.
543 2927 649 2991 Hispali
676 2922 742 2977 1493
762 2927 795 2975 Ι).
817 2952 849 2959 --
870 2927 947 2975 ltrev.
964 2924 1121 2975 Toletauum
1145 2926 1206 2990 imp.
1225 2926 1344 2975 venetiis

174 2992 247 3046 15116.
260 2995 292 3045 Ε.
307 3023 336 3029 -
352 2998 428 3045 Brev.
442 2995 643 3059 Pampilouenao
662 2996 723 3060 imp.
745 2989 821 3044 15**.
836 2994 864 3043 F.
883 3019 916 3026 -
937 2991 959 3056 l,
977 2991 1122 3044 Sdbsolve
1140 3009 1208 3044 nexu
1226 2995 1345 3043 criminis

173 3064 201 3113 F.
221 3089 253 3098 -
275 3061 295 3125 l,
319 3062 336 3114 4
356 3066 494 3130 imponens
512 3065 541 3113 F.
560 3091 592 3098 -
612 3061 637 3123 2,
655 3060 672 3113 3
689 3063 727 3114 Et
743 3063 775 3113 de
793 3062 871 3127 culpa
889 3063 1024 3127 nequitiae
1043 3062 1071 3111 F.
1089 3088 1123 3097 -
1141 3059 1165 3122 2,
1185 3060 1202 3112 4
1220 3063 1275 3112 Nos
1295 3063 1343 3111 tibi

173 3133 315 3183 reconcilia
332 3134 361 3183 F.
379 3159 413 3169 -
430 3128 454 3194 3,
472 3129 490 3183 3
508 3134 566 3194 Quo
585 3147 730 3182 cernamus.
749 3132 778 3181 ll.
797 3157 825 3168 ·-
846 3132 897 3181 Str.
917 3128 934 3180 4
952 3131 1036 3181 lautet
1054 3131 1082 3180 in
1100 3131 1133 3180 F:

526 3203 568 3250 Te
587 3200 804 3266 deprecamur
823 3199 967 3263 largius,

528 3271 564 3320 Ut
580 3285 626 3335 per
643 3268 764 3319 Marthae
782 3268 909 3333 suffragia

526 3339 591 3389 Post
607 3337 685 3402 hujus
702 3339 773 3388 vitae
791 3337 878 3387 studia

527 3408 693 3458 Renovemur
711 3407 739 3455 in
757 3406 860 3456 melius.

238 3479 288 3527 Die
313 3483 400 3526 ersten
418 3477 507 3527 Zeilen
525 3476 592 3527 aller
611 3475 741 3540 Strophen
760 3474 820 3525 sind
837 3474 880 3525 die
897 3474 1143 3541 Strophouanfdngo
1159 3473 1205 3524 des
1223 3473 1344 3536 Hymnus

168 3546 234 3596 Jesu
251 3562 347 3596 corona
365 3547 505 3613 virginum.

561 3795 621 3854 398.
657 3795 695 3852 llo
714 3796 814 3853 sanctu
831 3795 950 3854 ldarths.

640 3917 684 3972 Ad
701 3918 872 3973 Nocturnum.

417 4044 445 4105 1.
469 4044 561 4103 Nocte
582 4048 730 4117 surgentes
751 4057 955 4116 praeparemus
977 4050 1095 4115 mentes,

470 4131 547 4190 Luce
570 4129 705 4187 uirtutum
728 4134 760 4186 ut
778 4129 817 4186 sit
837 4129 894 4186 iter
915 4135 1018 4201 tutum,

468 4220 563 4288 Atque
586 4216 697 4273 devotis
721 4215 904 4273 decantemus
929 4215 1002 4273 votis

511 4301 641 4359 Dulciter
663 4301 792 4374 hymnos.
