2918 4868
657 271 870 334 „52-

570 475 608 532 il.
643 476 681 531 Be
700 475 799 530 saneta
817 471 955 528 Barbara.

317 642 350 698 ln
376 641 403 700 1.
429 638 573 712 vesperis.

336 757 420 822 Super
436 756 565 806 Psalmos.

169 865 205 928 A.
234 862 363 922 Barbara
386 877 449 919 cum
471 858 662 933 prudentibus

233 947 394 1007 Luminosis
415 943 597 1019 lampadibus

276 1033 386 1106 Sponsa
408 1030 470 1089 vult
490 1030 617 1100 obviare,

235 1118 276 1178 Ut
297 1134 360 1176 cnm
382 1117 446 1190 ipso
468 1116 506 1175 ad
529 1114 645 1188 nuptias

237 1203 276 1262 Et
299 1208 430 1261 aeternas
453 1200 572 1259 delicias

279 1288 364 1349 Felix
385 1287 478 1360 possit
499 1286 617 1346 intrare.

171 1410 205 1469 R.
236 1409 277 1469 Ut
298 1412 381 1482 pater
404 1405 568 1479 diligentius

277 1493 372 1552 Possit
393 1492 467 1550 hanc
488 1491 643 1563 custodire,

234 1580 338 1639 Aulam
361 1577 519 1636 construxit
541 1577 636 1649 aptius

279 1663 478 1723 Formositatis
500 1662 590 1721 mirae

237 1750 276 1809 Et
299 1750 370 1808 duaa
389 1747 475 1820 jussit
497 1747 624 1805 strictius

277 1835 431 1893 Fenestras
457 1832 580 1907 aperire.

174 1922 207 1981 V.
239 1920 326 1994 Virgo
349 1925 536 1993 prospectans
558 1917 644 1977 altius

240 2006 356 2064 Trinam
379 2002 532 2063 fenestram
556 2001 703 2077 pulchrius

279 2090 394 2150 Sciebat
417 2089 577 2150 convenire.

344 2243 384 2294 td
404 2243 565 2309 Magnificat.

173 2354 210 2412 Δ.
237 2351 260 2411 0
284 2350 372 2422 stirps
394 2346 587 2418 Nicomediae,

280 2433 428 2494 Castitatis
449 2433 550 2503 lilium,

237 2522 261 2582 0
284 2521 362 2578 nitor
381 2518 539 2577 munditiae

279 2606 319 2664 Et
341 2604 501 2676 exemplum
523 2603 653 2663 inclitum

322 2688 420 2749 Plebis
443 2688 632 2761 Christianae,

238 2779 308 2844 Fer,
331 2773 469 2845 Barbara,
492 2775 602 2847 gratiae

282 2859 390 2921 Christi
411 2858 611 2933 patrocinium,

240 2947 284 3006 Ne
306 2944 449 3018 prolapsis
471 2942 571 3003 venue

283 3032 408 3103 Tempus
430 3029 517 3089 breve
539 3030 679 3090 creditum

325 3113 439 3175 Defluat
461 3115 554 3179 inane.

258 3337 313 3398 Ad
336 3339 651 3412 completorium.

342 3473 426 3536 Super
444 3474 571 3524 Psalmoa.

177 3601 214 3658 Δ.
239 3595 380 3655 Mortales
402 3594 501 3655 horret
521 3597 645 3672 nuptias,

284 3682 360 3754 Quas
382 3679 558 3751 conferebat,
582 3689 673 3755 pater,

242 3766 314 3840 Ejus
336 3773 438 3840 optans
462 3766 589 3838 delicias,

283 3853 371 3924 Quem
394 3852 471 3926 parit
492 3852 571 3926 virgo
594 3859 686 3911 mater

322 4005 365 4055 Ad
382 4006 458 4055 Nunc
475 4004 596 4055 dimittis.

177 4111 214 4170 A.
244 4109 331 4182 Virgo
354 4106 478 4168 inmuose
501 4107 583 4180 facie,

283 4194 340 4253 Sed
362 4193 420 4253 fide
442 4196 506 4268 plus
529 4193 663 4268 formosa,

242 4280 462 4339 Formositatem
484 4281 594 4354 gratiae

285 4367 414 4427 Custodit
437 4367 575 4430 studiosa.

905 632 960 689 Ad
982 628 1222 690 Matutinum,

970 764 1166 815 Invitatorium.

848 891 898 959 Os,
921 888 1028 961 lingua,
1051 901 1131 943 mens
1152 884 1181 942 iu
1204 882 1336 943 Barbara

892 973 1007 1033 Christo
1030 969 1227 1046 confiteantur,

849 1061 939 1133 Quam
962 1074 1039 1133 caro,
1063 1053 1194 1127 mundus,
1218 1059 1328 1114 tartara
1419 1127 1422 1131 ⁸

890 1144 1044 1202 Victricem
1066 1141 1255 1201 admirantur.

906 1350 945 1407 In
970 1349 997 1411 1.
1021 1347 1048 1406 N
1057 1352 1227 1408 coturno.

979 1484 1155 1549 Antiphonae.

800 1608 825 1666 l.
850 1605 981 1665 BarBara
1003 1604 1215 1678 degentilibus

891 1691 1019 1750 Nascens
1039 1699 1072 1750 ut
1095 1689 1148 1748 flos
1170 1689 1207 1748 de
1228 1689 1321 1766 spina,

851 1777 973 1837 Pudoris
995 1773 1105 1850 fragrat
1127 1774 1245 1833 floribus

893 1862 994 1922 Carnis
1016 1867 1115 1934 spreta
1137 1861 1257 1922 sentina.

798 1985 827 2042 2.
850 1983 931 2040 llaec
953 1998 1057 2055 sponso
1079 1981 1166 2054 plcna
1187 1981 1323 2053 lampado

894 2068 1026 2128 Occurrit
1047 2067 1202 2140 sapienter,

852 2154 970 2212 Trinum
994 2154 1086 2212 Deum
1108 2153 1138 2210 in
1160 2153 1283 2211 monade

893 2240 1027 2299 Adoreus
1049 2243 1224 2298 reverenter.

799 2363 827 2421 B.
851 2358 921 2418 Alta
943 2356 1055 2432 fulgens
1077 2357 1187 2430 origine

892 2445 1020 2505 &natur
1040 2459 1177 2516 superare

852 2530 897 2589 Ac
922 2546 1031 2588 morum
1054 2528 1224 2587 celsitudine

895 2615 1038 2676 Christum
1062 2614 1161 2673 studet
1181 2629 1287 2674 amare.

981 2770 1167 2834 Responaoria.

801 2877 829 2938 1.
852 2877 958 2935 Lucem
981 2890 1066 2933 caeca
1085 2872 1241 2947 gentilitas,

894 2962 983 3034 Quam
1006 2957 1152 3033 produxit,
1175 2959 1296 3032 ignorat,

849 3048 939 3120 Quarn
964 3044 1129 3105 exeaecavit
1151 3044 1262 3104 vanitas

896 3134 1054 3207 Petramm,
1078 3146 1148 3202 qaas
1168 3131 1286 3202 adorat;

852 3218 957 3276 Rectas
978 3215 1108 3275 Barbara
1130 3215 1245 3273 semitas

895 3303 1008 3361 Tenens
1030 3301 1175 3360 Christum
1196 3299 1308 3359 adorat.

791 3391 827 3450 v.
854 3390 888 3448 lu
911 3388 965 3446 hac
987 3395 1087 3448 tenera
1109 3386 1223 3458 caritas,

853 3475 887 3532 ln
910 3473 964 3532 hac
985 3489 1055 3532 vera
1075 3471 1221 3530 humilitas

896 3559 989 3618 Deum
1011 3564 1088 3618 amat
1110 3563 1138 3616 et
1161 3561 1233 3616 orat.

801 3683 830 3743 2.
855 3681 937 3740 llanc
959 3685 1043 3753 pater
1063 3695 1161 3738 amans
1183 3682 1281 3736 tenere

897 3766 1024 3837 Omnem,
1048 3764 1096 3837 qui
1119 3764 1193 3822 hanc
1214 3761 1332 3835 petebat

855 3851 995 3925 Sponsam
1016 3849 1073 3909 sibi
1096 3850 1276 3925 conjungere,

897 3936 1051 4010 Repellens
1073 3934 1232 4013 emittebat,

854 4023 908 4097 Qui
930 4022 991 4080 sine
1012 4021 1077 4095 ipsa
1099 4020 1195 4081 vivere

898 4108 954 4166 Vix
976 4122 1007 4166 se
1029 4123 1114 4181 posse
1137 4104 1281 4164 credebat.

792 4196 827 4255 v.
858 4194 964 4255 Volens
986 4192 1057 4251 haec
1079 4192 1192 4252 Christo
1214 4190 1332 4262 nubere,

857 4282 898 4342 Ut
919 4285 1029 4337 stercus
1052 4278 1107 4336 scit
1129 4283 1320 4347 contemnere,

900 4365 978 4438 Quae
1001 4364 1122 4423 mundns
1145 4360 1340 4435 promittebat.
