<?xml version="1.0" encoding="UTF-8"?>
<!DOCTYPE html PUBLIC "-//W3C//DTD XHTML 1.0 Transitional//EN"
    "http://www.w3.org/TR/xhtml1/DTD/xhtml1-transitional.dtd">
<html xmlns="http://www.w3.org/1999/xhtml" xml:lang="en" lang="en">
 <head>
  <title>
</title>
<meta http-equiv="Content-Type" content="text/html;charset=utf-8" />
  <meta name='ocr-system' content='tesseract 3.04.00' />
  <meta name='ocr-capabilities' content='ocr_page ocr_carea ocr_par ocr_line ocrx_word'/>
</head>
<body>
  <div class='ocr_page' id='page_1' title='image "./hymnodiahiberic00drevgoog_0069.png"; bbox 0 0 2918 4868; ppageno 0'>
   <div class='ocr_carea' id='block_1_1' title="bbox 648 259 860 322">
    <p class='ocr_par' dir='ltr' id='par_1_1' title="bbox 648 259 860 322">
     <span class='ocr_line' id='line_1_1' title="bbox 648 259 860 322; baseline 0 -16"><span class='ocrx_word' id='word_1_1' title='bbox 648 259 860 322; x_wconf 83' lang='grc'><strong>..62-</strong></span> 
     </span>
    </p>
   </div>
   <div class='ocr_carea' id='block_1_2' title="bbox 565 425 946 621">
    <p class='ocr_par' dir='ltr' id='par_1_2' title="bbox 565 425 946 621">
     <span class='ocr_line' id='line_1_2' title="bbox 565 425 946 485; baseline -0.008 -2"><span class='ocrx_word' id='word_1_2' title='bbox 565 426 606 485; x_wconf 80' lang='grc'><strong>73.</strong></span> <span class='ocrx_word' id='word_1_3' title='bbox 643 428 680 484; x_wconf 81' lang='lat' dir='ltr'><strong>llo</strong></span> <span class='ocrx_word' id='word_1_4' title='bbox 697 427 785 484; x_wconf 83' lang='lat' dir='ltr'><strong>Beata</strong></span> <span class='ocrx_word' id='word_1_5' title='bbox 807 425 897 484; x_wconf 79' lang='lat' dir='ltr'><strong>llario</strong></span> <span class='ocrx_word' id='word_1_6' title='bbox 914 427 946 484; x_wconf 87' lang='lat' dir='ltr'><strong>V.</strong></span> 
     </span>
     <span class='ocr_line' id='line_1_3' title="bbox 638 566 869 621; baseline -0.004 -1"><span class='ocrx_word' id='word_1_7' title='bbox 638 566 680 620; x_wconf 78' lang='lat' dir='ltr'><strong>ad</strong></span> <span class='ocrx_word' id='word_1_8' title='bbox 698 567 869 621; x_wconf 84' lang='lat' dir='ltr'><strong>Nocturnum.</strong></span> 
     </span>
    </p>
   </div>
   <div class='ocr_carea' id='block_1_3' title="bbox 170 707 1259 1293">
    <p class='ocr_par' dir='ltr' id='par_1_3' title="bbox 170 707 1259 1128">
     <span class='ocr_line' id='line_1_4' title="bbox 170 707 1259 782; baseline -0.001 -16"><span class='ocrx_word' id='word_1_9' title='bbox 170 707 197 770; x_wconf 91' lang='lat'><strong>1.</strong></span> <span class='ocrx_word' id='word_1_10' title='bbox 221 709 310 780; x_wconf 84' lang='lat' dir='ltr'><strong>Virga</strong></span> <span class='ocrx_word' id='word_1_11' title='bbox 333 708 368 767; x_wconf 92' lang='lat' dir='ltr'><strong>de</strong></span> <span class='ocrx_word' id='word_1_12' title='bbox 390 712 473 771; x_wconf 80' lang='lat' dir='ltr'><strong>lesse</strong></span> <span class='ocrx_word' id='word_1_13' title='bbox 494 709 611 782; x_wconf 84' lang='lat' dir='ltr'><strong>prodiit.</strong></span> <span class='ocrx_word' id='word_1_14' title='bbox 782 713 811 769; x_wconf 85' lang='lat'><strong>4.</strong></span> <span class='ocrx_word' id='word_1_15' title='bbox 834 709 874 767; x_wconf 88' lang='lat' dir='ltr'><strong>Et</strong></span> <span class='ocrx_word' id='word_1_16' title='bbox 895 707 968 766; x_wconf 86' lang='lat' dir='ltr'><strong>sient</strong></span> <span class='ocrx_word' id='word_1_17' title='bbox 991 713 1086 765; x_wconf 87' lang='lat' dir='ltr'><strong>ruente</strong></span> <span class='ocrx_word' id='word_1_18' title='bbox 1112 707 1259 780; x_wconf 87' lang='lat' dir='ltr'><strong>praeditas</strong></span> 
     </span>
     <span class='ocr_line' id='line_1_5' title="bbox 265 792 1177 871; baseline -0.002 -20"><span class='ocrx_word' id='word_1_19' title='bbox 265 794 352 867; x_wconf 79' lang='lat' dir='ltr'><strong>Virga</strong></span> <span class='ocrx_word' id='word_1_20' title='bbox 375 795 469 853; x_wconf 86' lang='lat' dir='ltr'><strong>virens</strong></span> <span class='ocrx_word' id='word_1_21' title='bbox 492 795 606 871; x_wconf 88' lang='lat' dir='ltr'><strong>tenella,</strong></span> <span class='ocrx_word' id='word_1_22' title='bbox 876 794 1009 866; x_wconf 79' lang='lat' dir='ltr'><strong>Virgines</strong></span> <span class='ocrx_word' id='word_1_23' title='bbox 1030 792 1177 868; x_wconf 81' lang='lat' dir='ltr'><strong>diligebat,</strong></span> 
     </span>
     <span class='ocr_line' id='line_1_6' title="bbox 222 877 1217 952; baseline 0 -17"><span class='ocrx_word' id='word_1_24' title='bbox 222 882 300 952; x_wconf 79' lang='lat' dir='ltr'><strong>Quae</strong></span> <span class='ocrx_word' id='word_1_25' title='bbox 323 887 383 938; x_wconf 89' lang='lat' dir='ltr'><strong>tota</strong></span> <span class='ocrx_word' id='word_1_26' title='bbox 405 877 510 938; x_wconf 89' lang='lat' dir='ltr'><strong>florens</strong></span> <span class='ocrx_word' id='word_1_27' title='bbox 532 880 603 938; x_wconf 82' lang='lat' dir='ltr'><strong>exiit</strong></span> <span class='ocrx_word' id='word_1_28' title='bbox 835 877 883 937; x_wconf 86' lang='lat' dir='ltr'><strong>Sic</strong></span> <span class='ocrx_word' id='word_1_29' title='bbox 904 896 990 952; x_wconf 80' lang='lat' dir='ltr'><strong>vagas</strong></span> <span class='ocrx_word' id='word_1_30' title='bbox 1012 884 1043 936; x_wconf 90' lang='lat' dir='ltr'><strong>et</strong></span> <span class='ocrx_word' id='word_1_31' title='bbox 1063 878 1217 937; x_wconf 91' lang='lat' dir='ltr'><strong>indomitas</strong></span> 
     </span>
     <span class='ocr_line' id='line_1_7' title="bbox 264 963 1162 1040; baseline -0.001 -19"><span class='ocrx_word' id='word_1_32' title='bbox 264 965 308 1021; x_wconf 90' lang='lat' dir='ltr'><strong>Dc</strong></span> <span class='ocrx_word' id='word_1_33' title='bbox 330 971 459 1023; x_wconf 86' lang='lat' dir='ltr'><strong>materna</strong></span> <span class='ocrx_word' id='word_1_34' title='bbox 480 964 597 1040; x_wconf 89' lang='lat' dir='ltr'><strong>fiscella,</strong></span> <span class='ocrx_word' id='word_1_35' title='bbox 877 964 994 1022; x_wconf 85' lang='lat' dir='ltr'>Acriter</span> <span class='ocrx_word' id='word_1_36' title='bbox 1015 963 1162 1039; x_wconf 75' lang='lat' dir='ltr'><strong>arguebat,</strong></span> 
     </span>
     <span class='ocr_line' id='line_1_8' title="bbox 222 1049 1176 1128; baseline 0 -21"><span class='ocrx_word' id='word_1_37' title='bbox 222 1049 385 1124; x_wconf 89' lang='lat' dir='ltr'><strong>Purissima,</strong></span> <span class='ocrx_word' id='word_1_38' title='bbox 409 1051 596 1128; x_wconf 89' lang='lat' dir='ltr'><strong>sanctissima,</strong></span> <span class='ocrx_word' id='word_1_39' title='bbox 834 1050 1010 1123; x_wconf 81' lang='lat' dir='ltr'><strong>Archetypa,</strong></span> <span class='ocrx_word' id='word_1_40' title='bbox 1034 1049 1176 1124; x_wconf 85' lang='lat' dir='ltr'><strong>zelotypa,</strong></span> 
     </span>
    </p>

    <p class='ocr_par' dir='ltr' id='par_1_4' title="bbox 222 1132 1196 1293">
     <span class='ocr_line' id='line_1_9' title="bbox 222 1132 1133 1211; baseline 0 -18"><span class='ocrx_word' id='word_1_41' title='bbox 222 1134 365 1207; x_wconf 85' lang='lat' dir='ltr'><strong>Roritera,</strong></span> <span class='ocrx_word' id='word_1_42' title='bbox 389 1133 548 1211; x_wconf 85' lang='lat' dir='ltr'><strong>imctifera,</strong></span> <span class='ocrx_word' id='word_1_43' title='bbox 835 1133 979 1208; x_wconf 80' lang='lat' dir='ltr'><strong>Legiiera,</strong></span> <span class='ocrx_word' id='word_1_44' title='bbox 998 1132 1133 1206; x_wconf 85' lang='lat' dir='ltr'><strong>jnstiiera</strong></span> 
     </span>
     <span class='ocr_line' id='line_1_10' title="bbox 265 1219 1196 1293; baseline 0.001 -15"><span class='ocrx_word' id='word_1_45' title='bbox 265 1219 372 1279; x_wconf 85' lang='lat' dir='ltr'>Carens</span> <span class='ocrx_word' id='word_1_46' title='bbox 394 1222 470 1279; x_wconf 90' lang='lat' dir='ltr'><strong>omni</strong></span> <span class='ocrx_word' id='word_1_47' title='bbox 493 1221 629 1293; x_wconf 88' lang='lat' dir='ltr'><strong>procella.</strong></span> <span class='ocrx_word' id='word_1_48' title='bbox 877 1221 1021 1293; x_wconf 88' lang='lat' dir='ltr'><strong>Utrasqne</strong></span> <span class='ocrx_word' id='word_1_49' title='bbox 1045 1219 1196 1293; x_wconf 79' lang='lat' dir='ltr'><strong>dirigebat.</strong></span> 
     </span>
    </p>
   </div>
   <div class='ocr_carea' id='block_1_4' title="bbox 170 1339 1242 1925">
    <p class='ocr_par' dir='ltr' id='par_1_5' title="bbox 170 1339 1242 1925">
     <span class='ocr_line' id='line_1_11' title="bbox 170 1339 1193 1413; baseline -0.002 -15"><span class='ocrx_word' id='word_1_50' title='bbox 170 1341 199 1398; x_wconf 87' lang='lat'><strong>2.</strong></span> <span class='ocrx_word' id='word_1_51' title='bbox 223 1339 255 1397; x_wconf 89' lang='lat' dir='ltr'><strong>ln</strong></span> <span class='ocrx_word' id='word_1_52' title='bbox 279 1340 386 1412; x_wconf 86' lang='lat' dir='ltr'><strong>templo</strong></span> <span class='ocrx_word' id='word_1_53' title='bbox 409 1357 470 1397; x_wconf 86' lang='lat' dir='ltr'><strong>cunr</strong></span> <span class='ocrx_word' id='word_1_54' title='bbox 495 1339 651 1413; x_wconf 82' lang='lat' dir='ltr'><strong>virginibus</strong></span> <span class='ocrx_word' id='word_1_55' title='bbox 783 1346 810 1401; x_wconf 85' lang='lat'><strong>5.</strong></span> <span class='ocrx_word' id='word_1_56' title='bbox 836 1341 911 1399; x_wconf 88' lang='lat' dir='ltr'>Huic</span> <span class='ocrx_word' id='word_1_57' title='bbox 931 1340 1051 1412; x_wconf 90' lang='lat' dir='ltr'><strong>spiritns</strong></span> <span class='ocrx_word' id='word_1_58' title='bbox 1073 1339 1193 1412; x_wconf 81' lang='lat' dir='ltr'><strong>angelici</strong></span> 
     </span>
     <span class='ocr_line' id='line_1_12' title="bbox 265 1424 1204 1496; baseline -0.003 -13"><span class='ocrx_word' id='word_1_59' title='bbox 265 1424 353 1496; x_wconf 82' lang='lat' dir='ltr'><strong>Virgo</strong></span> <span class='ocrx_word' id='word_1_60' title='bbox 375 1431 418 1482; x_wconf 88' lang='lat' dir='ltr'><strong>est</strong></span> <span class='ocrx_word' id='word_1_61' title='bbox 441 1426 571 1496; x_wconf 87' lang='lat' dir='ltr'><strong>educata,</strong></span> <span class='ocrx_word' id='word_1_62' title='bbox 889 1427 1000 1486; x_wconf 84' lang='lat' dir='ltr'><strong>Devote</strong></span> <span class='ocrx_word' id='word_1_63' title='bbox 1022 1424 1204 1496; x_wconf 79' lang='lat' dir='ltr'><strong>assistebant,</strong></span> 
     </span>
     <span class='ocr_line' id='line_1_13' title="bbox 223 1509 1198 1584; baseline -0.001 -17"><span class='ocrx_word' id='word_1_64' title='bbox 223 1509 335 1568; x_wconf 82' lang='lat' dir='ltr'><strong>Divinis</strong></span> <span class='ocrx_word' id='word_1_65' title='bbox 359 1510 576 1568; x_wconf 78' lang='lat' dir='ltr'><strong>charismatibus</strong></span> <span class='ocrx_word' id='word_1_66' title='bbox 836 1512 944 1570; x_wconf 87' lang='lat' dir='ltr'><strong>Manna</strong></span> <span class='ocrx_word' id='word_1_67' title='bbox 966 1511 1076 1584; x_wconf 90' lang='lat' dir='ltr'><strong>saporis</strong></span> <span class='ocrx_word' id='word_1_68' title='bbox 1099 1510 1198 1568; x_wconf 91' lang='lat' dir='ltr'><strong>coelici</strong></span> 
     </span>
     <span class='ocr_line' id='line_1_14' title="bbox 263 1595 1242 1668; baseline -0.001 -15"><span class='ocrx_word' id='word_1_69' title='bbox 263 1595 336 1653; x_wconf 85' lang='lat' dir='ltr'><strong>Tota</strong></span> <span class='ocrx_word' id='word_1_70' title='bbox 357 1595 508 1668; x_wconf 82' lang='lat' dir='ltr'><strong>inebriata,</strong></span> <span class='ocrx_word' id='word_1_71' title='bbox 877 1597 921 1654; x_wconf 90' lang='lat' dir='ltr'><strong>De</strong></span> <span class='ocrx_word' id='word_1_72' title='bbox 943 1612 1054 1654; x_wconf 86' lang='lat' dir='ltr'><strong>sursum</strong></span> <span class='ocrx_word' id='word_1_73' title='bbox 1077 1595 1242 1666; x_wconf 82' lang='lat' dir='ltr'><strong>afferebant,</strong></span> 
     </span>
     <span class='ocr_line' id='line_1_15' title="bbox 221 1679 1188 1756; baseline 0.003 -19"><span class='ocrx_word' id='word_1_74' title='bbox 221 1680 367 1753; x_wconf 80' lang='lat' dir='ltr'><strong>Agillima,</strong></span> <span class='ocrx_word' id='word_1_75' title='bbox 395 1681 562 1754; x_wconf 88' lang='lat' dir='ltr'><strong>humillima,</strong></span> <span class='ocrx_word' id='word_1_76' title='bbox 834 1684 896 1756; x_wconf 79' lang='lat' dir='ltr'><strong>Quo</strong></span> <span class='ocrx_word' id='word_1_77' title='bbox 917 1681 1028 1740; x_wconf 85' lang='lat' dir='ltr'><strong>viscera</strong></span> <span class='ocrx_word' id='word_1_78' title='bbox 1049 1679 1188 1740; x_wconf 85' lang='lat' dir='ltr'><strong>sacriiera</strong></span> 
     </span>
     <span class='ocr_line' id='line_1_16' title="bbox 221 1766 1130 1843; baseline 0.001 -19"><span class='ocrx_word' id='word_1_79' title='bbox 221 1766 403 1843; x_wconf 85' lang='lat' dir='ltr'><strong>Doctissimu,</strong></span> <span class='ocrx_word' id='word_1_80' title='bbox 429 1767 587 1837; x_wconf 84' lang='lat' dir='ltr'><strong>verissima,</strong></span> <span class='ocrx_word' id='word_1_81' title='bbox 838 1766 961 1838; x_wconf 86' lang='lat' dir='ltr'><strong>Cibario,</strong></span> <span class='ocrx_word' id='word_1_82' title='bbox 985 1767 1130 1826; x_wconf 87' lang='lat' dir='ltr'><strong>sacrario·</strong></span> 
     </span>
     <span class='ocr_line' id='line_1_17' title="bbox 263 1851 1132 1925; baseline 0.007 -16"><span class='ocrx_word' id='word_1_83' title='bbox 263 1851 325 1909; x_wconf 83' lang='lat' dir='ltr'><strong>Deo</strong></span> <span class='ocrx_word' id='word_1_84' title='bbox 347 1857 377 1909; x_wconf 89' lang='lat' dir='ltr'><strong>et</strong></span> <span class='ocrx_word' id='word_1_85' title='bbox 396 1852 503 1910; x_wconf 88' lang='lat' dir='ltr'><strong>mundo</strong></span> <span class='ocrx_word' id='word_1_86' title='bbox 526 1859 617 1925; x_wconf 79' lang='lat' dir='ltr'><strong>grata.</strong></span> <span class='ocrx_word' id='word_1_87' title='bbox 877 1853 953 1911; x_wconf 85' lang='lat' dir='ltr'><strong>Mire</strong></span> <span class='ocrx_word' id='word_1_88' title='bbox 976 1851 1132 1914; x_wconf 88' lang='lat' dir='ltr'><strong>reficiebat.</strong></span> 
     </span>
    </p>
   </div>
   <div class='ocr_carea' id='block_1_5' title="bbox 167 1971 1298 2386">
    <p class='ocr_par' dir='ltr' id='par_1_6' title="bbox 167 1971 1298 2386">
     <span class='ocr_line' id='line_1_18' title="bbox 167 1971 1212 2045; baseline 0 -15"><span class='ocrx_word' id='word_1_89' title='bbox 167 1972 196 2031; x_wconf 84' lang='grc'><strong>3.</strong></span> <span class='ocrx_word' id='word_1_90' title='bbox 221 1971 353 2044; x_wconf 80' lang='lat' dir='ltr'><strong>Virgines</strong></span> <span class='ocrx_word' id='word_1_91' title='bbox 374 1972 582 2031; x_wconf 85' lang='lat' dir='ltr'><strong>sacratissimas</strong></span> <span class='ocrx_word' id='word_1_92' title='bbox 781 1978 809 2034; x_wconf 90' lang='lat'><strong>6.</strong></span> <span class='ocrx_word' id='word_1_93' title='bbox 835 1975 859 2031; x_wconf 85' lang='lat' dir='ltr'>A</span> <span class='ocrx_word' id='word_1_94' title='bbox 884 1988 966 2029; x_wconf 88' lang='lat' dir='ltr'><strong>mane</strong></span> <span class='ocrx_word' id='word_1_95' title='bbox 988 1988 1077 2045; x_wconf 85' lang='lat' dir='ltr'><strong>usqne</strong></span> <span class='ocrx_word' id='word_1_96' title='bbox 1098 1973 1212 2031; x_wconf 77' lang='lat' dir='ltr'><strong>tertiam</strong></span> 
     </span>
     <span class='ocr_line' id='line_1_19' title="bbox 262 2056 1206 2136; baseline 0.004 -24"><span class='ocrx_word' id='word_1_97' title='bbox 262 2056 350 2130; x_wconf 82' lang='lat' dir='ltr'><strong>Virgo</strong></span> <span class='ocrx_word' id='word_1_98' title='bbox 372 2057 608 2136; x_wconf 82' lang='lat' dir='ltr'><strong>amplectebatur,</strong></span> <span class='ocrx_word' id='word_1_99' title='bbox 877 2058 1024 2116; x_wconf 87' lang='lat' dir='ltr'><strong>Laudibus</strong></span> <span class='ocrx_word' id='word_1_100' title='bbox 1047 2058 1206 2130; x_wconf 89' lang='lat' dir='ltr'><strong>insistebat,</strong></span> 
     </span>
     <span class='ocr_line' id='line_1_20' title="bbox 219 2142 1298 2216; baseline 0.002 -17"><span class='ocrx_word' id='word_1_101' title='bbox 219 2142 267 2199; x_wconf 80' lang='lat' dir='ltr'><strong>hd</strong></span> <span class='ocrx_word' id='word_1_102' title='bbox 290 2142 390 2200; x_wconf 88' lang='lat' dir='ltr'><strong>landes</strong></span> <span class='ocrx_word' id='word_1_103' title='bbox 412 2143 657 2216; x_wconf 87' lang='lat' dir='ltr'><strong>praeclarissimas</strong></span> <span class='ocrx_word' id='word_1_104' title='bbox 835 2145 901 2203; x_wconf 89' lang='lat' dir='ltr'><strong>Post</strong></span> <span class='ocrx_word' id='word_1_105' title='bbox 924 2144 995 2201; x_wconf 88' lang='lat' dir='ltr'><strong>haec</strong></span> <span class='ocrx_word' id='word_1_106' title='bbox 1017 2149 1106 2201; x_wconf 87' lang='lat' dir='ltr'><strong>totam</strong></span> <span class='ocrx_word' id='word_1_107' title='bbox 1127 2144 1298 2204; x_wconf 84' lang='lat' dir='ltr'><strong>industriam</strong></span> 
     </span>
     <span class='ocr_line' id='line_1_21' title="bbox 261 2227 1232 2301; baseline 0.003 -17"><span class='ocrx_word' id='word_1_108' title='bbox 261 2227 343 2299; x_wconf 88' lang='lat' dir='ltr'><strong>lpsas</strong></span> <span class='ocrx_word' id='word_1_109' title='bbox 366 2229 581 2301; x_wconf 81' lang='lat' dir='ltr'><strong>exhortabatur,</strong></span> <span class='ocrx_word' id='word_1_110' title='bbox 874 2228 923 2287; x_wconf 85' lang='lat' dir='ltr'><strong>Ad</strong></span> <span class='ocrx_word' id='word_1_111' title='bbox 945 2245 1016 2301; x_wconf 90' lang='lat' dir='ltr'><strong>opus</strong></span> <span class='ocrx_word' id='word_1_112' title='bbox 1039 2232 1232 2300; x_wconf 83' lang='lat' dir='ltr'><strong>convertebat,</strong></span> 
     </span>
     <span class='ocr_line' id='line_1_22' title="bbox 217 2310 1180 2386; baseline 0.004 -17"><span class='ocrx_word' id='word_1_113' title='bbox 217 2310 337 2386; x_wconf 85' lang='lat' dir='ltr'><strong>Deiiiea,</strong></span> <span class='ocrx_word' id='word_1_114' title='bbox 360 2313 490 2386; x_wconf 82' lang='lat' dir='ltr'><strong>pacifica,</strong></span> <span class='ocrx_word' id='word_1_115' title='bbox 831 2315 879 2373; x_wconf 85' lang='lat' dir='ltr'><strong>Ad</strong></span> <span class='ocrx_word' id='word_1_116' title='bbox 902 2315 1015 2374; x_wconf 87' lang='lat' dir='ltr'><strong>cantica</strong></span> <span class='ocrx_word' id='word_1_117' title='bbox 1039 2314 1180 2373; x_wconf 84' lang='lat' dir='ltr'><strong>Daridioa</strong></span> 
     </span>
    </p>
   </div>
   <div class='ocr_carea' id='block_1_6' title="bbox 217 2397 1276 2558">
    <p class='ocr_par' dir='ltr' id='par_1_7' title="bbox 217 2397 1276 2558">
     <span class='ocr_line' id='line_1_23' title="bbox 217 2397 1214 2475; baseline 0.002 -20"><span class='ocrx_word' id='word_1_118' title='bbox 217 2397 409 2475; x_wconf 83' lang='lat' dir='ltr'><strong>Hymnodica,</strong></span> <span class='ocrx_word' id='word_1_119' title='bbox 432 2400 573 2457; x_wconf 81' lang='lat' dir='ltr'><strong>melodice</strong></span> <span class='ocrx_word' id='word_1_120' title='bbox 833 2401 902 2458; x_wconf 90' lang='lat' dir='ltr'><strong>Post</strong></span> <span class='ocrx_word' id='word_1_121' title='bbox 924 2399 1039 2457; x_wconf 87' lang='lat' dir='ltr'><strong>rediens</strong></span> <span class='ocrx_word' id='word_1_122' title='bbox 1061 2407 1094 2457; x_wconf 90' lang='lat' dir='ltr'><strong>nt</strong></span> <span class='ocrx_word' id='word_1_123' title='bbox 1114 2400 1214 2458; x_wconf 88' lang='lat' dir='ltr'><strong>sitiens</strong></span> 
     </span>
     <span class='ocr_line' id='line_1_24' title="bbox 258 2483 1276 2558; baseline 0.004 -17"><span class='ocrx_word' id='word_1_124' title='bbox 258 2483 350 2541; x_wconf 89' lang='lat' dir='ltr'><strong>Deum</strong></span> <span class='ocrx_word' id='word_1_125' title='bbox 374 2485 630 2558; x_wconf 89' lang='lat' dir='ltr'><strong>contemplabatur.</strong></span> <span class='ocrx_word' id='word_1_126' title='bbox 874 2485 999 2557; x_wconf 87' lang='lat' dir='ltr'><strong>Tempus</strong></span> <span class='ocrx_word' id='word_1_127' title='bbox 1021 2485 1063 2543; x_wconf 88' lang='lat' dir='ltr'><strong>sic</strong></span> <span class='ocrx_word' id='word_1_128' title='bbox 1085 2485 1276 2558; x_wconf 82' lang='lat' dir='ltr'><strong>expendebat.</strong></span> 
     </span>
    </p>
   </div>
   <div class='ocr_carea' id='block_1_7' title="bbox 521 2604 1027 3176">
    <p class='ocr_par' dir='ltr' id='par_1_8' title="bbox 521 2604 1027 3176">
     <span class='ocr_line' id='line_1_25' title="bbox 521 2604 959 2677; baseline -0.002 -14"><span class='ocrx_word' id='word_1_129' title='bbox 521 2607 548 2664; x_wconf 85' lang='grc'><strong>7.</strong></span> <span class='ocrx_word' id='word_1_130' title='bbox 572 2605 615 2663; x_wconf 93' lang='lat' dir='ltr'><strong>Ob</strong></span> <span class='ocrx_word' id='word_1_131' title='bbox 637 2605 691 2662; x_wconf 89' lang='lat' dir='ltr'><strong>hoc</strong></span> <span class='ocrx_word' id='word_1_132' title='bbox 712 2610 796 2677; x_wconf 87' lang='lat' dir='ltr'><strong>pater</strong></span> <span class='ocrx_word' id='word_1_133' title='bbox 816 2604 959 2677; x_wconf 79' lang='lat' dir='ltr'><strong>ingenitus</strong></span> 
     </span>
     <span class='ocr_line' id='line_1_26' title="bbox 615 2690 930 2763; baseline -0.006 -15"><span class='ocrx_word' id='word_1_134' title='bbox 615 2690 768 2748; x_wconf 83' lang='lat' dir='ltr'><strong>Exaltetnr</strong></span> <span class='ocrx_word' id='word_1_135' title='bbox 789 2695 930 2763; x_wconf 88' lang='lat' dir='ltr'><strong>potenter,</strong></span> 
     </span>
     <span class='ocr_line' id='line_1_27' title="bbox 573 2774 884 2847; baseline -0.003 -15"><span class='ocrx_word' id='word_1_136' title='bbox 573 2774 700 2847; x_wconf 82' lang='lat' dir='ltr'><strong>Ejnsqne</strong></span> <span class='ocrx_word' id='word_1_137' title='bbox 723 2775 884 2847; x_wconf 82' lang='lat' dir='ltr'><strong>unigenitus</strong></span> 
     </span>
     <span class='ocr_line' id='line_1_28' title="bbox 617 2860 1027 2932; baseline -0.002 -14"><span class='ocrx_word' id='word_1_138' title='bbox 617 2860 838 2918; x_wconf 83' lang='lat' dir='ltr'><strong>Commendetnr</strong></span> <span class='ocrx_word' id='word_1_139' title='bbox 860 2860 1027 2932; x_wconf 81' lang='lat' dir='ltr'><strong>prudenter,</strong></span> 
     </span>
     <span class='ocr_line' id='line_1_29' title="bbox 575 2945 968 3018; baseline 0 -16"><span class='ocrx_word' id='word_1_140' title='bbox 575 2945 650 3003; x_wconf 90' lang='lat' dir='ltr'><strong>Hinc</strong></span> <span class='ocrx_word' id='word_1_141' title='bbox 671 2946 790 3018; x_wconf 85' lang='lat' dir='ltr'><strong>spiritns</strong></span> <span class='ocrx_word' id='word_1_142' title='bbox 812 2946 968 3017; x_wconf 88' lang='lat' dir='ltr'><strong>paraclitus</strong></span> 
     </span>
     <span class='ocr_line' id='line_1_30' title="bbox 574 3029 889 3103; baseline 0 -15"><span class='ocrx_word' id='word_1_143' title='bbox 574 3029 717 3103; x_wconf 81' lang='lat' dir='ltr'><strong>vivificus,</strong></span> <span class='ocrx_word' id='word_1_144' title='bbox 741 3030 889 3089; x_wconf 88' lang='lat' dir='ltr'><strong>munificas</strong></span> 
     </span>
     <span class='ocr_line' id='line_1_31' title="bbox 614 3117 952 3176; baseline 0.003 -1"><span class='ocrx_word' id='word_1_145' title='bbox 614 3119 767 3176; x_wconf 86' lang='lat' dir='ltr'><strong>luvocetur</strong></span> <span class='ocrx_word' id='word_1_146' title='bbox 789 3117 952 3176; x_wconf 88' lang='lat' dir='ltr'><strong>clementer.</strong></span> 
     </span>
    </p>
   </div>
   <div class='ocr_carea' id='block_1_8' title="bbox 160 3231 1339 3504">
    <p class='ocr_par' dir='ltr' id='par_1_9' title="bbox 160 3231 1339 3504">
     <span class='ocr_line' id='line_1_32' title="bbox 230 3231 1339 3296; baseline 0.001 -17"><span class='ocrx_word' id='word_1_147' title='bbox 230 3231 293 3280; x_wconf 86' lang='lat' dir='ltr'><strong>Cod.</strong></span> <span class='ocrx_word' id='word_1_148' title='bbox 307 3233 439 3283; x_wconf 85' lang='lat' dir='ltr'><strong>Matritan.</strong></span> <span class='ocrx_word' id='word_1_149' title='bbox 453 3233 501 3285; x_wconf 92' lang='lat' dir='ltr'><strong>Bb.</strong></span> <span class='ocrx_word' id='word_1_150' title='bbox 522 3231 571 3284; x_wconf 82' lang='lat'><strong>150</strong></span> <span class='ocrx_word' id='word_1_151' title='bbox 588 3250 655 3284; x_wconf 84' lang='lat' dir='ltr'><strong>saec</strong></span> <span class='ocrx_word' id='word_1_152' title='bbox 678 3232 717 3284; x_wconf 84' lang='lat'><strong>14.</strong></span> <span class='ocrx_word' id='word_1_153' title='bbox 736 3264 768 3270; x_wconf 91' lang='lat'>-</span> <span class='ocrx_word' id='word_1_154' title='bbox 782 3233 919 3284; x_wconf 63' lang='lat' dir='ltr'><strong>ifertasser</strong></span> <span class='ocrx_word' id='word_1_155' title='bbox 937 3232 1024 3283; x_wconf 84' lang='lat' dir='ltr'><strong>dieses</strong></span> <span class='ocrx_word' id='word_1_156' title='bbox 1042 3234 1124 3282; x_wconf 82' lang='lat' dir='ltr'><strong>aowie</strong></span> <span class='ocrx_word' id='word_1_157' title='bbox 1141 3231 1187 3282; x_wconf 87' lang='lat' dir='ltr'><strong>des</strong></span> <span class='ocrx_word' id='word_1_158' title='bbox 1200 3231 1339 3296; x_wconf 78' lang='lat' dir='ltr'><strong>folgenden</strong></span> 
     </span>
     <span class='ocr_line' id='line_1_33' title="bbox 162 3298 1339 3365; baseline 0.003 -19"><span class='ocrx_word' id='word_1_159' title='bbox 162 3298 283 3362; x_wconf 85' lang='lat' dir='ltr'><strong>Hymnus</strong></span> <span class='ocrx_word' id='word_1_160' title='bbox 293 3302 329 3349; x_wconf 87' lang='lat' dir='ltr'><strong>iat</strong></span> <span class='ocrx_word' id='word_1_161' title='bbox 339 3301 384 3351; x_wconf 87' lang='lat' dir='ltr'><strong>der</strong></span> <span class='ocrx_word' id='word_1_162' title='bbox 397 3302 589 3353; x_wconf 74' lang='lat' dir='ltr'><strong>l&#39;ranzislranor</strong></span> <span class='ocrx_word' id='word_1_163' title='bbox 598 3304 650 3353; x_wconf 85' lang='lat' dir='ltr'><strong>Fra</strong></span> <span class='ocrx_word' id='word_1_164' title='bbox 661 3303 704 3354; x_wconf 85' lang='lat' dir='ltr'><strong>Gil</strong></span> <span class='ocrx_word' id='word_1_165' title='bbox 714 3303 745 3352; x_wconf 86' lang='lat' dir='ltr'><strong>de</strong></span> <span class='ocrx_word' id='word_1_166' title='bbox 753 3301 1016 3365; x_wconf 83' lang='lat' dir='ltr'><strong>Zarnora(.lohannee</strong></span> <span class='ocrx_word' id='word_1_167' title='bbox 1025 3298 1339 3365; x_wconf 78' lang='lat' dir='ltr'><strong>degidinsZamorenais),</strong></span> 
     </span>
     <span class='ocr_line' id='line_1_34' title="bbox 160 3367 1339 3434; baseline 0.003 -18"><span class='ocrx_word' id='word_1_168' title='bbox 160 3368 205 3416; x_wconf 82' lang='lat' dir='ltr'><strong>ein</strong></span> <span class='ocrx_word' id='word_1_169' title='bbox 228 3369 392 3419; x_wconf 82' lang='lat' dir='ltr'><strong>fruchtbarer</strong></span> <span class='ocrx_word' id='word_1_170' title='bbox 414 3370 616 3433; x_wconf 80' lang='lat' dir='ltr'><strong>Schriltstellor,</strong></span> <span class='ocrx_word' id='word_1_171' title='bbox 644 3372 771 3421; x_wconf 81' lang='lat' dir='ltr'><strong>Erzicher</strong></span> <span class='ocrx_word' id='word_1_172' title='bbox 794 3370 923 3428; x_wconf 73' lang='lat' dir='ltr'><strong>Sambos,</strong></span> <span class='ocrx_word' id='word_1_173' title='bbox 954 3370 1001 3420; x_wconf 87' lang='lat' dir='ltr'><strong>des</strong></span> <span class='ocrx_word' id='word_1_174' title='bbox 1024 3368 1125 3420; x_wconf 84' lang='lat' dir='ltr'><strong>Sohnea</strong></span> <span class='ocrx_word' id='word_1_175' title='bbox 1147 3367 1266 3434; x_wconf 78' lang='lat' dir='ltr'><strong>Alphons</strong></span> <span class='ocrx_word' id='word_1_176' title='bbox 1293 3368 1339 3419; x_wconf 84' lang='lat' dir='ltr'><strong>des</strong></span> 
     </span>
     <span class='ocr_line' id='line_1_35' title="bbox 161 3433 963 3504; baseline 0.001 -19"><span class='ocrx_word' id='word_1_177' title='bbox 161 3433 278 3486; x_wconf 88' lang='lat' dir='ltr'><strong>Weiaen.</strong></span> <span class='ocrx_word' id='word_1_178' title='bbox 315 3438 366 3487; x_wconf 73' lang='lat' dir='ltr'><strong>Otr.</strong></span> <span class='ocrx_word' id='word_1_179' title='bbox 384 3440 551 3490; x_wconf 85' lang='lat' dir='ltr'><strong>Bibliotheca</strong></span> <span class='ocrx_word' id='word_1_180' title='bbox 570 3442 691 3504; x_wconf 82' lang='lat' dir='ltr'><strong>Hispana</strong></span> <span class='ocrx_word' id='word_1_181' title='bbox 708 3445 783 3490; x_wconf 86' lang='lat' dir='ltr'><strong>vetus</strong></span> <span class='ocrx_word' id='word_1_182' title='bbox 802 3441 836 3500; x_wconf 93' lang='lat'><strong>11,</strong></span> <span class='ocrx_word' id='word_1_183' title='bbox 856 3437 887 3488; x_wconf 77' lang='lat' dir='ltr'><strong>&#39;ll</strong></span> <span class='ocrx_word' id='word_1_184' title='bbox 907 3455 963 3504; x_wconf 86' lang='lat' dir='ltr'><strong>sqq.</strong></span> 
     </span>
    </p>
   </div>
   <div class='ocr_carea' id='block_1_9' title="bbox 557 3636 942 3831">
    <p class='ocr_par' dir='ltr' id='par_1_10' title="bbox 557 3636 942 3831">
     <span class='ocr_line' id='line_1_36' title="bbox 557 3636 942 3695; baseline 0 -1"><span class='ocrx_word' id='word_1_185' title='bbox 557 3638 600 3695; x_wconf 83' lang='grc'><strong>74.</strong></span> <span class='ocrx_word' id='word_1_186' title='bbox 636 3637 675 3694; x_wconf 83' lang='lat' dir='ltr'><strong>llo</strong></span> <span class='ocrx_word' id='word_1_187' title='bbox 693 3639 782 3695; x_wconf 80' lang='lat' dir='ltr'><strong>Beata</strong></span> <span class='ocrx_word' id='word_1_188' title='bbox 801 3636 892 3695; x_wconf 83' lang='lat' dir='ltr'><strong>llario</strong></span> <span class='ocrx_word' id='word_1_189' title='bbox 910 3638 942 3694; x_wconf 92' lang='lat' dir='ltr'><strong>V.</strong></span> 
     </span>
     <span class='ocr_line' id='line_1_37' title="bbox 662 3776 837 3831; baseline -0.006 0"><span class='ocrx_word' id='word_1_190' title='bbox 662 3776 705 3831; x_wconf 82' lang='lat' dir='ltr'><strong>Ad</strong></span> <span class='ocrx_word' id='word_1_191' title='bbox 722 3776 837 3831; x_wconf 89' lang='lat' dir='ltr'><strong>Laudes.</strong></span> 
     </span>
    </p>
   </div>
   <div class='ocr_carea' id='block_1_10' title="bbox 163 3917 1336 4408">
    <p class='ocr_par' dir='ltr' id='par_1_11' title="bbox 163 3917 1336 4249">
     <span class='ocr_line' id='line_1_38' title="bbox 163 3917 1248 3994; baseline -0.003 -16"><span class='ocrx_word' id='word_1_192' title='bbox 163 3919 192 3978; x_wconf 95' lang='lat'><strong>1.</strong></span> <span class='ocrx_word' id='word_1_193' title='bbox 214 3918 318 3977; x_wconf 89' lang='lat' dir='ltr'><strong>Mundi</strong></span> <span class='ocrx_word' id='word_1_194' title='bbox 340 3918 424 3990; x_wconf 82' lang='lat' dir='ltr'><strong>hujus</strong></span> <span class='ocrx_word' id='word_1_195' title='bbox 447 3925 603 3990; x_wconf 85' lang='lat' dir='ltr'><strong>creaturas,</strong></span> <span class='ocrx_word' id='word_1_196' title='bbox 776 3922 805 3979; x_wconf 86' lang='lat'><strong>2.</strong></span> <span class='ocrx_word' id='word_1_197' title='bbox 829 3919 910 3977; x_wconf 89' lang='lat' dir='ltr'><strong>Haec</strong></span> <span class='ocrx_word' id='word_1_198' title='bbox 932 3924 976 3975; x_wconf 88' lang='lat' dir='ltr'><strong>est</strong></span> <span class='ocrx_word' id='word_1_199' title='bbox 997 3917 1077 3989; x_wconf 82' lang='lat' dir='ltr'><strong>virgo</strong></span> <span class='ocrx_word' id='word_1_200' title='bbox 1100 3933 1248 3994; x_wconf 79' lang='lat' dir='ltr'><strong>generosa,</strong></span> 
     </span>
     <span class='ocr_line' id='line_1_39' title="bbox 214 4002 1234 4077; baseline -0.002 -15"><span class='ocrx_word' id='word_1_201' title='bbox 214 4004 284 4062; x_wconf 87' lang='lat' dir='ltr'><strong>Tam</strong></span> <span class='ocrx_word' id='word_1_202' title='bbox 305 4011 470 4077; x_wconf 89' lang='lat' dir='ltr'><strong>praesentes</strong></span> <span class='ocrx_word' id='word_1_203' title='bbox 493 4020 577 4076; x_wconf 88' lang='lat' dir='ltr'><strong>qnam</strong></span> <span class='ocrx_word' id='word_1_204' title='bbox 601 4002 720 4076; x_wconf 82' lang='lat' dir='ltr'><strong>futuras,</strong></span> <span class='ocrx_word' id='word_1_205' title='bbox 828 4004 909 4062; x_wconf 88' lang='lat' dir='ltr'><strong>Haec</strong></span> <span class='ocrx_word' id='word_1_206' title='bbox 931 4008 974 4061; x_wconf 90' lang='lat' dir='ltr'><strong>est</strong></span> <span class='ocrx_word' id='word_1_207' title='bbox 996 4003 1077 4076; x_wconf 81' lang='lat' dir='ltr'><strong>virgo</strong></span> <span class='ocrx_word' id='word_1_208' title='bbox 1098 4003 1234 4076; x_wconf 78' lang='lat' dir='ltr'><strong>gratiosa,</strong></span> 
     </span>
     <span class='ocr_line' id='line_1_40' title="bbox 212 4086 1336 4163; baseline -0.002 -15"><span class='ocrx_word' id='word_1_209' title='bbox 212 4090 363 4148; x_wconf 89' lang='lat' dir='ltr'><strong>Manentes</strong></span> <span class='ocrx_word' id='word_1_210' title='bbox 386 4095 415 4146; x_wconf 90' lang='lat' dir='ltr'><strong>et</strong></span> <span class='ocrx_word' id='word_1_211' title='bbox 437 4090 579 4162; x_wconf 87' lang='lat' dir='ltr'><strong>perituras</strong></span> <span class='ocrx_word' id='word_1_212' title='bbox 829 4089 910 4147; x_wconf 85' lang='lat' dir='ltr'><strong>llaec</strong></span> <span class='ocrx_word' id='word_1_213' title='bbox 937 4096 981 4146; x_wconf 88' lang='lat' dir='ltr'><strong>est</strong></span> <span class='ocrx_word' id='word_1_214' title='bbox 1003 4088 1129 4161; x_wconf 83' lang='lat' dir='ltr'><strong>prudens</strong></span> <span class='ocrx_word' id='word_1_215' title='bbox 1152 4094 1181 4144; x_wconf 90' lang='lat' dir='ltr'><strong>et</strong></span> <span class='ocrx_word' id='word_1_216' title='bbox 1204 4086 1336 4163; x_wconf 83' lang='lat' dir='ltr'><strong>formosa,</strong></span> 
     </span>
     <span class='ocr_line' id='line_1_41' title="bbox 212 4174 1316 4249; baseline -0.003 -16"><span class='ocrx_word' id='word_1_217' title='bbox 212 4175 259 4233; x_wconf 85' lang='lat' dir='ltr'><strong>Ad</strong></span> <span class='ocrx_word' id='word_1_218' title='bbox 282 4174 382 4232; x_wconf 88' lang='lat' dir='ltr'><strong>laudes</strong></span> <span class='ocrx_word' id='word_1_219' title='bbox 406 4174 524 4249; x_wconf 84' lang='lat' dir='ltr'><strong>virginis</strong></span> <span class='ocrx_word' id='word_1_220' title='bbox 546 4192 633 4247; x_wconf 89' lang='lat' dir='ltr'><strong>puras</strong></span> <span class='ocrx_word' id='word_1_221' title='bbox 829 4175 908 4232; x_wconf 84' lang='lat' dir='ltr'><strong>Haec</strong></span> <span class='ocrx_word' id='word_1_222' title='bbox 933 4180 976 4232; x_wconf 92' lang='lat' dir='ltr'><strong>est</strong></span> <span class='ocrx_word' id='word_1_223' title='bbox 998 4175 1074 4232; x_wconf 86' lang='lat' dir='ltr'><strong>veris</strong></span> <span class='ocrx_word' id='word_1_224' title='bbox 1097 4189 1219 4231; x_wconf 86' lang='lat' dir='ltr'><strong>vernans</strong></span> <span class='ocrx_word' id='word_1_225' title='bbox 1242 4190 1316 4248; x_wconf 86' lang='lat' dir='ltr'><strong>rosa,</strong></span> 
     </span>
    </p>

    <p class='ocr_par' dir='ltr' id='par_1_12' title="bbox 257 4258 1170 4408">
     <span class='ocr_line' id='line_1_42' title="bbox 259 4258 1170 4335; baseline -0.002 -17"><span class='ocrx_word' id='word_1_226' title='bbox 259 4261 415 4318; x_wconf 87' lang='lat' dir='ltr'><strong>lnvitemns</strong></span> <span class='ocrx_word' id='word_1_227' title='bbox 437 4262 611 4335; x_wconf 88' lang='lat' dir='ltr'><strong>perenniter,</strong></span> <span class='ocrx_word' id='word_1_228' title='bbox 870 4260 1013 4318; x_wconf 89' lang='lat' dir='ltr'><strong>Redolens</strong></span> <span class='ocrx_word' id='word_1_229' title='bbox 1035 4258 1170 4330; x_wconf 87' lang='lat' dir='ltr'><strong>suaviter,</strong></span> 
     </span>
     <span class='ocr_line' id='line_1_43' title="bbox 257 4344 1170 4408; baseline -0.002 -1"><span class='ocrx_word' id='word_1_230' title='bbox 257 4345 417 4407; x_wconf 86' lang='lat' dir='ltr'><strong>Psallamus</strong></span> <span class='ocrx_word' id='word_1_231' title='bbox 440 4346 629 4408; x_wconf 88' lang='lat' dir='ltr'><strong>concorditer.</strong></span> <span class='ocrx_word' id='word_1_232' title='bbox 871 4344 981 4404; x_wconf 82' lang='lat' dir='ltr'><strong>Sanane</strong></span> <span class='ocrx_word' id='word_1_233' title='bbox 1002 4344 1170 4405; x_wconf 87' lang='lat' dir='ltr'><strong>liberaliter.</strong></span> 
     </span>
    </p>
   </div>
   <div class='ocr_carea' id='block_1_11' title="bbox 0 0 1471 4868">
    <p class='ocr_par' dir='ltr' id='par_1_13' title="bbox 0 0 1471 4868">
     <span class='ocr_line' id='line_1_44' title="bbox 0 0 1471 4868; baseline 0 0"><span class='ocrx_word' id='word_1_234' title='bbox 0 0 1471 4868; x_wconf 95' lang='lat' dir='ltr'><strong> </strong></span> 
     </span>
    </p>
   </div>
  </div>
 </body>
</html>
