2918 4868
611 275 842 338 -199-

133 444 161 501 3.
186 443 270 501 Hune
293 443 423 502 Christus
446 453 615 505 evocaverat
747 453 776 511 4.
799 451 879 521 lesu,
903 458 1021 522 precatu
1044 450 1147 510 Lazari

184 527 265 585 Atris
287 527 324 586 ah
346 530 437 587 antris
458 529 569 609 inferis,
800 535 859 594 Nos
882 542 972 595 morte
994 552 1108 607 pressos
1132 538 1237 614 exeita,

185 613 267 670 Vitae
289 621 390 685 potens
414 617 540 674 restituit
799 619 840 678 Ut
862 627 891 677 te
915 636 1048 680 canamus
1069 622 1182 695 limpidi

184 698 410 768 Quatriduannm
432 699 582 763 foetidum.
799 704 917 764 Trinum
942 707 1031 764 Deum
1054 723 1108 779 per
1129 709 1255 769 saecula.

202 817 277 865 Brev.
298 817 467 869 Valentinum
485 822 546 884 imp.
568 820 709 871 Valentino
730 818 804 872 1533.

525 1036 588 1094 344.
626 1039 663 1096 lle
681 1038 778 1095 saneto
798 1040 913 1096 Lazaro.

600 1159 643 1214 Ad
661 1159 833 1215 Nocturnum.

132 1279 159 1339 1.
184 1283 316 1357 Surgunt,
339 1290 490 1356 resurgant
511 1285 625 1355 mortui,
747 1286 774 1344 3.
801 1284 849 1342 Sic
872 1285 930 1344 vita
952 1303 1004 1343 nos
1027 1288 1179 1359 custodiat,

184 1368 327 1442 Linquant
351 1369 444 1428 cubile
466 1370 585 1445 torpidi,
799 1370 839 1428 Ut
862 1377 953 1429 morte
976 1388 1051 1430 mors
1074 1389 1129 1431 non
1152 1374 1306 1451 opprimat,

181 1456 243 1526 Qua
265 1456 429 1514 triduanum
452 1457 573 1535 suscitat
798 1456 853 1516 Sed
879 1473 942 1514 cum
965 1457 1048 1516 heato
1071 1458 1182 1516 Lazaro

182 1541 208 1598 A
231 1547 322 1598 morte
344 1542 404 1599 vita
426 1541 573 1602 lazarum.
770 1541 882 1612 ,Vitae
904 1538 1034 1600 fmumnr
1055 1559 1180 1605 munere.

130 1646 159 1703 2.
184 1642 268 1700 Fletu
290 1659 402 1702 sorores
425 1643 537 1717 lugubri
745 1647 775 1703 4.
797 1645 879 1716 Jesu,
898 1651 1017 1717 precatu
1040 1645 1143 1705 Lazari

182 1729 312 1806 attritio,
337 1730 484 1803 contricio,
799 1729 859 1787 Nos
882 1737 973 1787 morte
995 1748 1110 1804 pressos
1133 1732 1236 1809 exeita,

181 1813 279 1872 lesum
303 1823 464 1887 precentur,
489 1816 593 1874 excitet
799 1814 839 1874 Ut
861 1822 889 1873 te
912 1833 1045 1874 canamus
1068 1817 1181 1890 limpidi

184 1899 320 1960 Nostrum
342 1901 495 1974 sepulchro
518 1901 660 1973 spiritum.
800 1901 918 1959 Trinum
941 1902 1032 1960 Deum
1056 1919 1109 1975 per
1130 1904 1251 1961 saccula.

198 2010 272 2058 Brev.
291 2010 461 2060 Valentinum
482 2011 543 2074 imp.
562 2010 701 2060 Valentiae
721 2005 796 2059 1533.

523 2224 585 2281 345.
621 2224 660 2282 De
678 2226 775 2281 saneto
794 2224 910 2282 Lazaro.

576 2347 619 2401 Ad
639 2347 719 2416 Vesp.
738 2354 765 2402 et
783 2347 860 2401 Noet-

129 2481 158 2539 1.
181 2480 282 2539 Lazari
306 2479 409 2538 festum
434 2479 548 2539 Domini
742 2483 771 2544 4.
794 2480 890 2539 Morte
912 2481 1040 2539 secunda
1062 2483 1185 2541 moriens

181 2566 277 2624 Laetis
300 2583 433 2624 canamus
455 2565 583 2638 vocibuS,
793 2565 898 2624 Mortis
922 2566 1028 2624 devicit
1050 2568 1139 2625 aciem

178 2652 252 2710 Dein
274 2653 335 2724 ejus
357 2652 493 2724 obsequio
794 2650 956 2724 Christique
979 2652 1079 2710 laudes
1101 2653 1252 2726 profereus

179 2737 332 2795 Exsultent
355 2739 442 2795 corda
464 2735 607 2796 laudrhns.
792 2738 948 2795 Aeternam
970 2738 1032 2796 adit
1054 2739 1189 2812 requiem.

127 2842 154 2899 2.
178 2839 282 2898 Mortis
305 2849 470 2912 peremptor
492 2837 630 2897 Dominus
740 2844 768 2900 5.
792 2840 868 2914 Agrii
891 2839 1019 2898 rubentis
1042 2843 1181 2915 sanguine

178 2925 300 2982 Mortem
324 2926 452 2983 devinxit
474 2923 587 2993 Lazari,
792 2923 929 2983 Perfusus
952 2933 1060 3000 martyr
1084 2927 1207 2987 Domino

177 3011 265 3081 Quem
288 3011 404 3069 donarit
428 3010 574 3081 divinitus,
792 3010 830 3068 Se
853 3011 1000 3070 dedicarit
1021 3012 1106 3071 hodie

179 3096 223 3153 Ne
245 3097 389 3170 perderet,
412 3112 495 3169 quem
514 3093 650 3152 condidit.
792 3099 904 3169 Agrium
927 3112 958 3154 se
980 3097 1052 3155 dans
1071 3099 1220 3161 altissimo.

125 3199 154 3258 3.
178 3199 318 3257 Lacrimis
341 3198 433 3257 lusum
455 3198 589 3272 gandium
740 3201 768 3258 6.
793 3198 893 3256 Gloria
916 3198 979 3274 tihi,
1003 3198 1133 3274 Domine,

177 3285 291 3342 Amoris
314 3284 364 3342 dat
387 3285 510 3357 insignia
793 3284 849 3342 Pro
872 3285 975 3343 Lazari
999 3284 1129 3361 victoria,

177 3370 337 3442 Mortisque
360 3370 431 3427 dans
454 3368 586 3426 exsilium
795 3370 884 3440 Quem
908 3368 1011 3427 fortem
1033 3370 1063 3427 in
1086 3373 1250 3446 certamine,

176 3456 224 3513 Ad
246 3456 340 3528 prima
362 3455 438 3513 redit
459 3454 573 3528 gaudia.
792 3455 913 3512 Beatum
936 3456 988 3512 das
1010 3456 1038 3512 in
1061 3456 1162 3528 gloria.

191 3572 284 3622 Officia
308 3589 355 3621 ms.
379 3588 447 3621 satec.
475 3569 513 3621 lo.
532 3571 587 3622 Cod
606 3571 704 3622 Semin.
722 3573 871 3623 Geruuden.
889 3569 965 3623 2309.
989 3600 1019 3607 -
1046 3571 1070 3632 2,
1097 3571 1114 3623 2
1136 3575 1244 3626 devixit.
1272 3604 1298 3610 —-

123 3637 148 3700 3,
170 3638 181 3690 l
202 3641 283 3690 iulum
301 3641 435 3706 gaudium.

520 3858 580 3915 344.
617 3858 656 3914 De
674 3858 772 3915 saneto
791 3859 907 3918 Lazaro.

623 3980 666 4035 hd
685 3981 797 4036 Laudes.

124 4112 150 4170 1.
176 4109 288 4166 laudes
311 4124 473 4179 promamus
495 4108 581 4166 hodie
738 4112 767 4168 2.
790 4109 856 4166 Jam
879 4108 1007 4182 possidet
1030 4109 1167 4168 divinitus

176 4195 268 4252 Amici
293 4194 399 4251 Christi
422 4194 534 4268 Lazari,
790 4196 917 4253 heterna
940 4194 1045 4252 Christi
1069 4211 1196 4268 munera,

173 4282 262 4353 Quom
288 4280 398 4337 vomuit
421 4295 472 4336 rex
495 4280 602 4351 gloriae
794 4281 951 4338 Perillam
974 4281 1061 4338 drinet
1083 4280 1220 4338 Dominus

174 4367 220 4424 Ad
244 4380 359 4422 coenam
383 4365 447 4436 agni
471 4365 593 4436 providi.
793 4366 882 4423 Beata
904 4364 986 4425 uobis
1008 4365 1120 4438 gaudia.
