2918 4868
637 238 845 302 ..71-

160 419 189 477 3.
212 415 337 488 Serpens
360 420 488 472 ventrem
512 414 657 472 excruciat
774 415 804 476 4.
828 413 900 472 crus
923 415 1088 485 corruptum
1110 420 1248 486 reparant

255 501 319 559 Jam
339 500 456 558 excitati
480 500 590 570 rustici,
873 499 934 557 Viri
956 500 1093 571 soporati,

213 587 254 646 Ut
275 586 408 659 illapsum
436 585 557 657 rejiciat,
828 584 872 642 De
897 600 969 642 coxa
990 601 1075 656 quam
1097 584 1224 642 tulerunt

256 672 354 731 Sancti
377 677 513 744 petuntur
535 669 648 729 medici.
872 670 968 730 Mauri
992 669 1182 731 condemnati.

160 797 189 853 t.
211 792 332 850 Somnus
355 795 487 849 vexatum
510 790 615 862 arripit
777 777 805 832 5·
829 773 904 844 Q1¹0S
928 773 956 829 1¹1
979 772 1085 830 ⁸⁰111¹1is
1108 772 1223 831 viderat

257 878 292 937 In
313 882 476 936 sauctorum
499 876 630 947 ecclesia,
874 861 992 917 Inluens
1014 858 1140 929 realiter,

213 963 267 1037 Qui
290 963 476 1021 dormientem
500 961 587 1033 eripit
832 943 945 1002 Gaudio
966 943 1104 1001 exuberat

256 1051 283 1107 A
305 1048 448 1122 serpentis
470 1047 610 1106 molestia,
874 1028 1007 1087 Laudans
1030 1028 1122 1086 Deum
1146 1029 1277 1088 dulciter.

164 1175 192 1230 5.
218 1167 267 1226 Illi
290 1168 412 1226 sitlans
436 1172 464 1224 et
485 1166 587 1241 gloria,
937 1164 977 1213 Ad
997 1163 1162 1214 Benedictus.

259 1253 313 1324 Qui
332 1251 404 1311 iacit
424 1252 578 1322 mirabilia,
766 1271 802 1329 Α,
829 1268 936 1327 Montis
958 1269 1040 1342 vigor

212 1340 301 1412 Quem
323 1338 490 1397 collaudant
510 1339 540 1395 in
563 1338 659 1411 patria
873 1355 967 1412 camis
988 1315 1168 1428 mamystam,

260 1425 455 1486 consummati
488 1424 517 1482 in
550 1423 642 1498 gloria
831 1436 951 1497 Pietatis

302 1510 419 1571 Christi.
874 1522 1007 1598 frequens
1028 1524 1165 1602 officium,

834 1612 988 1684 argentatae

875 1701 942 1769 post
963 1696 1125 1754 tirocinium

303 1784 342 1841 In
365 1782 571 1844 Laudibus.
832 1781 913 1839 Vitae
936 1781 1017 1840 nobis

346 1917 513 1982 Antiphonae
871 1874 1034 1926 mercantur
1055 1867 1222 1940 praemium.

166 2043 191 2101 l.
216 2040 352 2100 Laudant
377 2039 468 2097 Deum
937 2002 978 2053 Ad
996 2001 1156 2068 Magnificus,

262 2127 347 2183 electi
369 2125 484 2196 milites,
767 2112 802 2170 A.
830 2107 1008 2167 Hierusalem

220 2214 274 2271 Per
295 2227 378 2285 quem
400 2217 521 2284 regnam
873 2199 966 2250 mater
989 2209 1052 2250 cum
1074 2192 1176 2251 incolis

259 2297 288 2355 in
311 2313 411 2356 aevum
435 2297 548 2356 divites.
832 2279 1000 2375 Gratulatur
1053 2363 1060 2375 ‚
1092 2364 1099 2375 Ι

317 2417 323 2429 ,
874 2364 903 2420 iu
925 2364 970 2420 lus
994 2363 1182 2434 Christicolis,

165 2420 193 2477 2·
219 2417 408 2477 praedicatur
829 2449 969 2507 Damiano

256 2517 352 2560 ΜΠ]
375 2503 476 2574 3¹⁰m’
873 2543 902 2592 et
924 2535 1027 2594 Cosma
1048 2530 1197 2606 iratribus,

214 2588 284 2686 cuni
307 2602 360 2660 per
382 2602 458 2730 ⁰⁰⁵d.
481 2672 487 2684 .
829 2621 882 2694 Qui
904 2637 958 2693 pro
981 2620 1096 2680 Christe

257 2679 354 2747 ”gent
375 2689 428 2745 9¹⁸⁰
450 2688 516 2745 ¹3¹2*
871 2706 958 2763 sectis
980 2705 1150 2774 cervicibus,

161 2797 188 2854 3.
214 2792 434 2852 Commendatae
457 2790 580 2850 feminae
832 2792 969 2850 Delurati

259 2879 359 2938 Sancti
380 2878 555 2937 adstiterunt
872 2877 954 2935 stolis
976 2876 1138 2951 purpureis,

217 2965 255 3023 Et
278 2981 341 3023 cum
364 2963 547 3021 multitudine
832 2963 1011 3022 Corouautur

258 3051 341 3109 Hosti
364 3049 539 3110 restiterunt.
876 3048 987 3107 coronis
1010 3048 1113 3107 aureis,

220 3170 295 3218 Brev.
314 3167 472 3216 &leonense
495 3169 556 3232 imp.
578 3167 804 3232 Caesaraugustae
831 3164 904 3216 1514.
927 3194 961 3202 -
983 3167 1014 3215 ln
1032 3162 1057 3216 3.
1075 3167 1150 3215 Noct.
1170 3161 1190 3212 Α
1208 3161 1232 3226 2,
1250 3161 1267 3216 3
1286 3164 1329 3214 At-

151 3239 249 3288 fluenta
265 3237 375 3302 gloriae.
396 3263 425 3270 —
446 3232 465 3280 Α
484 3232 509 3294 3,
527 3234 544 3284 4
562 3242 694 3286 aruerunt
717 3264 746 3271 -
764 3237 843 3287 Verb.
861 3231 885 3294 2,
904 3233 922 3284 t
939 3241 1106 3300 apparuerat.
1124 3260 1158 3270 —
1176 3234 1256 3284 Verb.
1269 3230 1294 3294 4,
1313 3230 1330 3283 8

152 3308 252 3371 arripit
273 3306 354 3355 -Iu
373 3304 456 3354 Laud.
475 3299 495 3350 Α
518 3301 623 3363 1,41n
642 3321 700 3354 eum
718 3305 823 3355 divites.

491 3470 534 3526 23.
571 3467 610 3527 lie
628 3485 665 3526 ss.
685 3471 780 3528 desua
798 3471 828 3527 et
845 3467 988 3527 bumana.

271 3583 313 3641 In
337 3583 364 3643 1.
390 3581 585 3653 Vesperia.
779 3584 807 3642 3.
831 3580 982 3639 Medentes
1004 3578 1097 3650 aegris
1119 3579 1227 3652 duplici

874 3666 1045 3724 Restaurata
1067 3665 1160 3736 ruina,

831 3750 946 3822 Sunate,
969 3750 1044 3808 sacri
1068 3750 1183 3819 medici,

874 3835 962 3894 Sacra
985 3851 1036 3893 uos
1050 3835 1201 3898 medicina.

345 3697 521 3763 Antiphonac.

167 3806 193 3863 1.
218 3802 356 3863 Salutiier
377 3804 580 3876 languentium,

256 3889 352 3948 Genus
373 3889 488 3946 salvans
511 3889 673 3959 humanum,

217 3974 308 4033 Siluii
330 3975 408 4031 misit
429 3975 554 4047 Sellium
776 3993 806 4050 4.
830 3991 853 4048 0
873 3989 963 4048 mirae
985 3989 1188 4048 sanctitudinis

261 4063 390 4121 Cosmam
414 4068 441 4116 et
466 4059 643 4120 Damianum.
876 4075 969 4151 viros,
995 4075 1031 4133 de
1049 4075 1153 4147 quibus
1175 4075 1246 4135 exiit

166 4166 194 4224 2.
217 4162 284 4221 dota
305 4162 377 4236 legis
399 4162 501 4220 summi
524 4162 599 4234 regis
917 4159 1016 4218 Virtus
1037 4160 1159 4219 sanandi
1180 4159 1295 4219 morbos

259 4247 303 4305 Ne
326 4247 482 4305 trausirent
504 4247 659 4316 minimum,
833 4246 976 4318 cujusque
998 4246 1194 4320 aegritudinis,

219 4332 257 4389 Hi
275 4333 389 4405 gemelli
411 4332 505 4405 quoad
529 4331 598 4390 belli
873 4332 951 4404 Quae
974 4331 1123 4390 daemonia
1145 4331 1244 4390 vinciit

260 4416 362 4476 Finem
384 4417 533 4476 certabant
553 4417 693 4476 ultimum.
916 4416 1086 4476 Illuminans
1110 4423 1138 4474 et
1159 4416 1255 4478 orbos.
