2918 4868
646 270 879 334 0134-

234 444 368 517 Opusque
390 443 447 502 vilo
960 443 1001 493 Ad
1019 441 1186 494 Benedictus.

275 530 436 602 linquentes
459 532 486 584 et
510 525 575 586 lave

233 614 397 673 valebimus
420 620 489 672 tunc
512 615 617 691 dicere,

274 703 367 770 lusto,
391 706 520 775 atcere,

233 786 277 843 Ne
300 786 375 844 mala
397 785 571 859 immineant,

274 887 308 929 cx
325 888 380 944 quo
395 886 480 943 prece
496 870 645 943 psallimus
657 873 729 931 Ave.

783 566 820 624 Α.
842 564 925 622 laste
944 564 1043 640 judex,
1068 564 1116 637 qui
1135 564 1233 636 justos

890 666 988 708 omnes
1008 651 1085 722 juste
1103 648 1257 721 judicasti,

849 735 948 794 Nostri
970 735 1045 794 Justi
1068 732 1214 808 precibus,

892 838 973 894 quem
1012 821 1113 879 merito
1150 819 1275 878 laudare
1317 825 1367 876 est

1137 905 1260 977 justum,

849 991 909 1049 Fae
931 1008 983 1050 nos
1006 1007 1069 1049 cnm
1089 991 1176 1063 justis

317 1043 356 1101 1¹¹
378 1041 580 1101 madibus·
887 1077 1029 1150 iustorum
1052 1093 1138 1150 regno
1161 1075 1277 1134 laetari.

362 1159 538 1224 Antiphonae.

181 1266 205 1322 l.
230 1266 329 1324 Justus
351 1280 438 1337 super
460 1264 555 1322 sidera

275 1348 366 1422 fulget
394 1366 448 1422 per
470 1349 646 1407 saeculorum
670 1363 732 1406 sae·

524 1436 597 1495 ⁰⁰¹2·
783 1452 818 1510 R.
842 1453 865 1511 Ο
887 1452 978 1526 Juste,
1001 1453 1049 1526 qni
1071 1452 1199 1525 corporis

178 1540 206 1597 2.
229 1538 306 1600 Justi
325 1539 438 1613 justitia
848 1539 931 1597 Motu
953 1539 1026 1596 miro
1048 1538 1158 1611 proprii

272 1631 368 1680 manet
389 1624 418 1681 in
439 1629 586 1680 aeternum
602 1627 630 1679 et
644 1622 731 1681 ultra.
847 1624 1004 1683 ostendisti
1024 1625 1084 1696 jam
1107 1623 1258 1696 explosum

178 1730 206 1786 3.
229 1728 312 1787 Justo
335 1725 442 1783 homini
465 1724 584 1797 pacifico
848 1709 968 1767 Luctum
990 1710 1080 1767 110⁸tr5
1103 1715 1254 1778 Γθῐῐῑθῖῦῐΰ,

273 1810 410 1884 reliquiae
431 1817 496 1868 sant
511 1810 540 1868 in
556 1811 631 1868 omni
647 1810 729 1869 bono.
784 1794 817 1855 V·
846 1796 916 1871 ΓΜ,
939 1794 1045 1853 “binde
1066 1802 1097 1853 ut
1119 1810 1273 1853 ¹¹⁰⁸⁰³¹¹¹¹¹⁸

846 1881 926 1939 Idem
949 1880 1148 1953 patrocinium.

912 1268 953 1375 ln
977 1320 1005 1377 2.
1031 1316 1226 1390 vesperis.

176 1917 204 1973 4.
227 1915 340 1974 Justum
362 1913 453 1971 omnis
475 1912 557 1985 plebs

271 2000 350 2071 juste
372 1998 575 2072 deprecabitur

229 2085 268 2143 Et
291 2085 434 2143 desiderio
457 2101 507 2143 sao
953 2067 994 2116 Ad
1012 2065 1173 2133 Magnificat.

270 2187 413 2243 nunquam
436 2168 662 2232 defraudabitur.
779 2189 815 2252 Δ,
837 2187 937 2247 ,justus
959 2204 1027 2261 ergo
1050 2204 1111 2246 cum
1135 2187 1184 2262 sis,

177 2277 205 2333 5.
227 2274 319 2346 Juste,
344 2273 397 2331 hoo
420 2275 536 2331 vincens
559 2274 712 2346 saeculum,
884 2280 934 2331 tua
955 2273 1051 2332 omnia
1071 2274 1148 2346 juste
1171 2272 1320 2345 disponis,

226 2358 292 2417 Tibi
316 2358 452 2416 recolitur
841 2361 900 2418 Fac
923 2375 974 2416 nos
995 2358 1106 2417 idcirco

226 2445 338 2504 Corona
360 2445 388 2501 in
410 2444 577 2516 praemium.
885 2450 914 2502 te
936 2451 1014 2502 recte
1036 2444 1155 2502 laudare
1176 2443 1205 2500 in
1222 2445 1354 2505 cunctis.

232 2579 306 2627 Brov.
325 2580 348 2626 V
352 2581 438 2628 icense
457 2579 519 2643 imp.
537 2578 660 2644 Lugduni
683 2575 755 2628 1557.
774 2608 806 2614 -
825 2579 857 2628 In
875 2576 984 2629 NoetA
1004 2576 1028 2639 2,
1047 2575 1064 2628 3
1082 2583 1161 2644 atque
1179 2579 1302 2643 erginzt.
1320 2608 1350 2616 -

167 2641 186 2694 R
205 2642 229 2708 2,
247 2644 264 2695 4
283 2663 321 2711 sq.
341 2649 460 2695 societati
480 2649 588 2696 socium.

548 2965 592 3021 lt.
628 2965 666 3022 De
685 2968 785 3022 sancta
803 2965 947 3024 leocadia.

290 3144 331 3202 ln
355 3144 382 3203 l.
406 3144 596 3216 vesperis.
926 3162 967 3212 Ao
984 3163 1060 3213 Nune
1078 3162 1198 3214 dimittis.

334 3261 376 3310 Au
394 3261 554 3327 Magmfieoa
776 3284 813 3340 A.
837 3284 892 3342 Por
915 3285 998 3356 hujus
1020 3292 1136 3344 sanetae
1158 3287 1261 3345 moritu

159 3370 194 3426 A.
218 3367 242 3425 0
265 3365 345 3438 virgo
367 3366 518 3438 Leucadia,
844 3371 877 3427 ln
899 3375 947 3428 tuo
970 3378 1068 3430 saneto
1089 3372 1202 3429 nominc

223 3451 316 3509 'l'oleti
337 3452 399 3511 laus
424 3459 452 3510 et
474 3453 574 3525 gloria,
838 3454 959 3513 Dimitte
982 3464 1084 3515 cancta
1104 3457 1201 3515 debita

221 3536 270 3594 Ad
292 3537 333 3595 tui
357 3536 423 3595 testi
444 3538 549 3611 gaudia
839 3540 923 3598 Nune
945 3543 1036 3602 servis
1058 3543 1125 3619 tais,
1148 3543 1282 3605 Domine.

221 3621 318 3680 Currit
341 3629 389 3681 tna
411 3621 520 3682 familia

224 3707 387 3783 Confidens,
410 3707 486 3781 qnod
510 3708 644 3767 eoelestia

226 3792 351 3851 Habebit
373 3809 425 3866 per
447 3800 476 3851 te
498 3795 634 3866 praemia.
889 3815 945 3874 Ad
967 3816 1208 3875 Matutinum,

240 3963 295 4022 Ad
326 3963 635 4037 Complatorium.
955 3970 1148 4019 Invitntorinm.

320 4081 405 4146 snper
423 4082 551 4133 P⁸⁸¹¹¹¹⁰⁸·
836 4107 999 4165 laudemus
1015 4108 1158 4166 Christum
1174 4109 1339 4186 Dominum,

153 4186 189 4247 A.
214 4187 383 4245 Invocantes
405 4204 456 4244 nos
479 4188 592 4261 exaudi,
874 4193 927 4265 Qui
951 4199 1078 4251 sanctam
1102 4194 1273 4255 Leucadiam

219 4271 279 4329 Fac
302 4272 450 4331 adstantes
473 4280 538 4330 tuae
561 4273 638 4333 laudi
835 4276 915 4335 Inter
938 4279 1055 4337 choreas
1078 4281 1218 4353 virginum

216 4357 326 4429 Dignos
348 4357 456 4431 gloriae
476 4374 589 4418 corona.
878 4363 958 4422 Tulit
979 4363 1017 4423 ad
1040 4365 1112 4423 coeli
1131 4366 1262 4440 gloriam.
