2918 4868
651 246 860 310 ...74-

233 414 386 472 hnthimus
409 421 438 472 et
459 416 623 489 Euprepius

230 499 351 558 Sanctus
372 507 458 573 atque
480 501 626 574 Leontius,

274 584 375 644 Occidi
397 602 468 658 quos
490 593 629 662 tyrannus

232 672 323 730 Ferro
344 677 480 743 procurat
501 673 608 747 gladio,

229 756 293 814 ,Iam
318 757 435 814 suntin
457 775 567 816 snrnrno
588 761 692 833 gaudio

271 842 410 901 Concives
433 843 598 916 beatorum,

231 926 375 987 Coelestes
397 929 580 1002 psalteristae

229 1013 345 1072 Ludunt
368 1019 398 1071 et
418 1015 581 1088 organistae

270 1100 352 1159 Inter
373 1099 439 1172 agni
461 1101 600 1164 convivia.

166 1183 198 1244 V.
227 1182 333 1242 Fertur
354 1185 459 1243 chorea
480 1185 570 1245 rubea

272 1269 440 1343 Sponsalem
462 1277 529 1329 ante
550 1273 673 1336 thorum.

313 1442 354 1500 ln
379 1441 584 1506 Laudibus.

357 1558 534 1624 Antiphonae.

176 1663 202 1720 1.
227 1661 394 1720 Sanctorum
417 1662 508 1722 laetus

269 1746 308 1804 sis
331 1746 426 1820 hodie,
448 1749 547 1808 inclite
570 1758 676 1821 coetus,

226 1831 300 1890 Nam
324 1838 514 1906 certaverunt,

269 1917 399 1976 vicerunt
421 1926 450 1977 et
471 1928 635 1980 mernerunt

226 2004 346 2063 Fratres
366 2005 514 2064 unanimes

269 2090 406 2148 coelestes
428 2092 567 2150 scandere
589 2093 680 2154 sedes.

173 2193 201 2250 2.
225 2192 359 2264 Amplior
380 2199 514 2252 aeternae

270 2277 384 2337 deitatis
407 2279 500 2352 gloria
523 2281 626 2339 crescit

226 2364 260 2422 In
282 2364 389 2422 sanctis
412 2364 506 2437 hodie,

888 425 1020 497 pervim,
1032 442 1085 498 por
1096 428 1163 505 tela,
1176 444 1229 501 per
1240 429 1350 505 hostes,

847 509 903 568 Per
922 510 1036 584 lapides
1057 527 1196 586 ensesque

888 602 1029 655 merentes
1051 598 1187 671 sanguine
1209 601 1346 674 palmam.

793 720 821 773 5.
844 715 964 789 Semper
984 717 1014 774 in
1036 733 1087 775 ore
1108 718 1229 777 sonabat

888 817 984 860 eorum
1007 802 1070 860 laus
1092 803 1141 876 pia
1162 803 1281 882 Christi,

845 886 918 946 Nam
941 888 1067 960 psalmos
1089 888 1158 947 laeti

888 972 1060 1045 psallebant,
1085 974 1152 1033 dum
1175 977 1295 1035 cruciati

845 1057 1059 1132 Torquerentur
1080 1067 1108 1117 et
1131 1060 1327 1134 ingredientes

887 1150 917 1201 et
938 1145 1117 1218 egredientes

844 1229 965 1289 Cantica
987 1231 1024 1290 de
1043 1230 1164 1289 excelsis

886 1316 1016 1374 cecinere
1038 1316 1100 1375 Deo
1121 1316 1171 1388 pia
1193 1317 1298 1377 cordis.

946 1451 988 1500 Ad
1005 1451 1172 1502 Benedictus.

778 1575 815 1632 A.
839 1572 975 1631 Semitam
997 1588 1051 1646 per
1072 1572 1233 1632 mirabilem

841 1658 937 1717 Secuti
961 1658 1105 1717 Christum
1128 1665 1287 1735 martyrem

885 1744 924 1803 Hi
946 1751 1088 1819 martyres
1111 1745 1235 1822 gemelli,

841 1830 937 1888 illaesi
958 1831 1075 1888 suntin
1097 1831 1209 1906 pelago,

842 1916 875 1973 ln
899 1914 976 1973 fumo
998 1916 1101 1975 ludunt
1123 1917 1213 1992 igneo,

884 2000 1001 2060 Stantes
1023 2002 1052 2059 in
1077 2000 1133 2060 hne
1154 2001 1234 2062 belli.

901 2225 939 2282 ln
964 2227 992 2285 2.
1017 2224 1214 2298 vesperis.

948 2360 988 2410 Ad
1007 2359 1168 2424 Magnificat.

268 2465 340 2521 quos
368 2466 446 2508 mors
468 2450 598 2509 dividere
621 2453 720 2512 nescit.
774 2489 809 2546 A.
833 2484 891 2544 Sub
914 2483 983 2542 fide,
1005 2482 1165 2541 mummia

174 2553 203 2610 3.
224 2551 330 2609 Maluit
352 2550 423 2610 haec
444 2559 559 2612 sacrata
580 2555 700 2612 societas

266 2637 380 2695 omnino
401 2637 499 2696 subire
520 2647 648 2707 mortem,

223 2722 312 2794 Quam
335 2719 402 2781 iidei
424 2729 555 2782 sacratae

266 2806 396 2880 linquere
417 2814 533 2871 sortem.

171 2913 201 2971 4.
224 2908 343 2968 Grande
364 2917 535 2983 peregerunt

264 2994 356 3052 sancti
379 3001 531 3067 certarnen,
556 2997 650 3055 ierunt

228 3081 283 3139 Per
305 3097 393 3152 marc,
416 3097 469 3154 per
491 3080 642 3159 hammam,

880 2570 985 2628 Beatus
1002 2569 1118 2628 Cosmus
1140 2566 1338 2639 triumphavit,

839 2656 904 2715 Pari
927 2661 1041 2714 sanctus
1063 2653 1208 2712 adstantia

881 2743 919 2801 Se
941 2739 1097 2798 Damianos
1118 2738 1275 2808 ordinavit,

838 2829 922 2900 spon
947 2825 1134 2883 immortalem
1156 2824 1303 2891 Leontius,

840 2912 992 2971 Anthimus
1015 2916 1044 2968 et
1064 2911 1229 2982 Euprepins

883 2999 937 3056 Per
959 2996 1045 3055 fidem
1067 3002 1251 3055 armaverunt.

881 3084 920 3142 Et
942 3084 1052 3155 palmas
1075 3086 1247 3139 meruerunt.

229 3199 304 3247 Brev.
324 3199 470 3249 Romanum
497 3200 559 3264 imp.
581 3197 659 3250 15⁸*.
680 3228 713 3238 -
732 3203 762 3252 In
784 3199 805 3251 l.
824 3203 904 3267 Vosp.
923 3198 940 3248 Α
957 3199 983 3259 4,
1002 3198 1018 3249 5
1036 3200 1176 3249 daemones
1194 3198 1284 3246 vincit.
1304 3222 1337 3229 -

159 3265 199 3316 hd
217 3267 307 3332 Magn.
325 3264 342 3314 Α
361 3265 448 3330 ‘lQuo
466 3268 589 3334 gaudent
607 3297 640 3306 -
653 3271 685 3319 ln
705 3267 727 3320 l.
740 3267 845 3320 Nocti
866 3267 888 3330 l,
909 3267 1070 3334 2justoru1n
1089 3269 1175 3317 vinea
1194 3264 1256 3313 -il
1275 3262 1299 3324 3,
1321 3263 1338 3314 6

159 3334 261 3385 nolunt.
283 3337 364 3386 -In
382 3334 406 3386 2.
425 3339 500 3387 Noct
519 3334 536 3385 n
557 3334 582 3397 l,
602 3336 671 3402 9sq.
691 3341 757 3389 mira
775 3339 911 3389 miracula.
930 3367 962 3374 -
981 3339 1011 3388 In
1030 3334 1054 3386 3.
1073 3338 1148 3386 Noct
1167 3333 1184 3384 il
1202 3331 1234 3397 2,
1252 3330 1270 3386 8
1285 3333 1337 3384 Sed

158 3408 187 3451 nt
204 3402 354 3453 clementor.
372 3431 404 3439 -
423 3406 454 3455 ln
472 3406 554 3456 Laud.
573 3403 590 3453 Α
609 3404 637 3467 5,
656 3404 673 3456 8
691 3409 736 3473 pia
754 3407 833 3458 cedis.
854 3433 883 3442 -
903 3396 976 3458 iiber
993 3406 1041 3456 das
1060 3406 1183 3465 Brerier,
1201 3404 1260 3454 dem
1278 3403 1337 3453 dies

158 3471 279 3521 Officium
298 3479 472 3535 ontnommen,
490 3475 639 3540 vergleiohe
657 3491 718 3525 man
736 3476 783 3529 (las
801 3478 829 3525 in
847 3476 893 3526 der
905 3476 1062 3539 Einloitung
1080 3489 1112 3523 zu
1126 3472 1254 3524 Analecta
1272 3472 1336 3521 XVI

158 3539 279 3605 Gesagta.

470 3757 513 3814 24.
549 3758 588 3816 lle
608 3775 646 3816 ss.
664 3759 807 3819 Enetorlo
825 3763 856 3819 ot
873 3759 1027 3819 Caledonio.

281 3884 321 3941 ln
345 3883 373 3944 1.
395 3883 590 3956 vesperis.

328 3980 368 4032 Ad
387 3984 548 4048 Magnificat.

156 4069 194 4128 A„
217 4067 262 4126 De
283 4069 387 4128 Libani
408 4071 493 4144 lignis

263 4155 351 4213 variis
373 4157 506 4216 mirabile
528 4160 617 4233 signis

221 4239 283 4298 Rex
306 4242 408 4300 solium
431 4245 573 4303 exstruxit

264 4325 397 4387 Salomon
420 4330 573 4404 sedemque
595 4332 717 4404 paravit,

837 3888 967 3949 Christus
989 3888 1019 3946 in
1041 3888 1163 3947 ecclesia

878 3974 945 4046 quia
960 3990 1021 4045 rex,
1038 3975 1130 4048 patris
1144 3974 1208 4047 ipse
1222 3972 1334 4046 sophia,

835 4060 938 4119 Sedem
958 4061 1100 4132 justorum
1123 4059 1264 4119 exstruxit

876 4145 932 4203 sibi
954 4148 1041 4204 corda
1065 4147 1199 4219 virorum,

833 4230 941 4303 Utpote
963 4249 1014 4290 nos
1036 4249 1155 4305 quorum

878 4314 952 4375 festa
974 4317 1150 4378 celebremus
1172 4334 1278 4376 eornm.
