2918 4868
638 277 852 344 ,47-

472 443 511 501 12.
547 444 577 502 ln
595 444 792 506 Vrauslutioue
812 463 833 505 s.
851 449 1012 524 Augustini.

275 585 318 644 lu
345 584 372 649 1.
396 588 594 661 vesperis.

329 701 371 754 Ad
388 705 550 772 Magnificat.

153 808 190 866 A.
214 805 349 867 Pontifex
371 809 484 888 eximie,

261 892 427 967 Scripturas
448 896 640 972 profunditas,

214 977 283 1037 Flos
305 976 406 1039 florum
428 983 538 1054 italiae.

256 1062 437 1125 Secretomm
460 1069 584 1143 nuditas,

215 1150 385 1228 Augustine,
408 1152 517 1226 gloriae

261 1234 320 1294 Fac
343 1252 405 1296 esse
428 1239 584 1313 participes

217 1319 276 1378 Nos
299 1321 430 1381 coelestis
453 1324 539 1384 hodie

256 1406 456 1482 virtutumque
478 1411 633 1485 principes.

275 1611 330 1670 Ad
350 1613 589 1675 Matutiuum.

332 1731 527 1784 invitatorium.

210 1831 369 1894 iubilemus
392 1852 488 1911 regom
511 1840 581 1914 regi,

210 1918 386 1992 Augustinus
409 1923 489 1996 cujus
511 1923 568 1998 legi

253 2004 439 2066 Manichacus
462 2010 601 2073 subdidit.

265 2211 304 2270 In
332 2211 359 2275 l.
382 2213 588 2280 Noeturuo.

334 2331 511 2399 Antiphouae.

157 2431 183 2491 l.
206 2432 260 2492 list
282 2435 417 2510 Hippone
438 2440 594 2499 tumulatus

206 2520 392 2600 Augustinus,
416 2523 483 2581 hinc
504 2526 661 2587 transistus

247 2606 281 2663 ln
304 2623 420 2681 regnum
443 2608 603 2673 Sardiniae.

152 2708 181 2766 2.
205 2706 387 2780 liuprandus
409 2711 477 2770 inde
501 2711 570 2772 iecit

204 2790 288 2851 Ferri
308 2810 421 2870 corpus,
445 2798 598 2871 requiescit

246 2878 353 2953 Papiae
375 2883 451 2955 quod
474 2883 569 2949 hodie.

151 2983 181 3040 3.
205 2980 262 3039 Pro
284 2984 411 3055 peccatis
433 2993 594 3066 exorantes,

202 3067 392 3141 Augustinom
414 3079 592 3148 venerantes,

202 3152 347 3213 Christum
369 3154 488 3215 laudaut
510 3159 685 3220 exsultantes

243 3236 351 3298 Gentes
371 3258 446 3299 nuuc
467 3243 579 3305 ltaliae.

323 3393 509 3459 Respousoriru.

150 3496 179 3555 l.
200 3496 385 3575 Augustinus,
408 3498 459 3559 lux
481 3501 638 3584 doctorum,

199 3580 304 3641 Servus
325 3583 441 3659 Christi,

196 3666 248 3738 Qui
270 3668 412 3728 destruxit
433 3672 584 3746 impiorum

196 3752 338 3813 Haereses
359 3755 602 3837 Manichaeorum,

241 3838 386 3900 Dormirit
407 3859 470 3902 com
491 3845 632 3918 patribus.

133 3921 168 3985 V.
198 3923 315 3983 Praesul
338 3943 457 4001 maguae
479 3934 641 3993 sanctitatis

196 4009 390 4083 Hipponensis
412 4014 547 4079 civitatis.

146 4114 176 4174 2.
199 4111 311 4172 Arabes
332 4113 550 4178 insurrexerunt

198 4198 380 4258 Postmodum
405 4209 433 4260 et
455 4203 621 4268 invaserunt

194 4280 323 4342 Africam
345 4293 375 4344 et
396 4289 542 4360 ejecemnt

236 4367 341 4429 Sernes
363 4374 438 4448 regis
459 4369 577 4450 gloriae.

771 592 805 656 V.
831 594 992 657 Furibuudi
1016 601 1171 676 venientes,

875 683 908 760 0,
932 699 1016 756 quam
1038 687 1136 759 plures
1152 690 1329 761 occiderunt.

833 766 1010 829 Christiauos
1030 783 1244 851 persequentes,

874 853 949 925 Heu,
973 855 1010 914 de
1031 873 1119 932 reguo
1137 861 1292 932 ejecerunt.

777 973 805 1032 3.
828 970 983 1033 Christiani
1005 977 1160 1038 timuerunt

829 1057 868 1115 Et
890 1064 957 1118 tuuc
979 1077 1082 1136 corpus
1101 1066 1280 1126 sustulerunt

872 1147 1024 1218 Augustini
1048 1148 1232 1224 Tagastensis

829 1227 866 1287 Et
888 1230 926 1289 ad
949 1237 1062 1304 portum
1086 1245 1279 1308 pervenerunt

871 1316 986 1375 Insulae
1008 1317 1211 1386 sardiniensis.

766 1398 799 1458 V.
828 1399 963 1459 lnfideies
987 1405 1159 1478 saevierunt,

828 1484 944 1545 Fideles
966 1488 1235 1567 transfretaverunt,

827 1571 875 1630 Ad
897 1578 1012 1645 portum
1035 1577 1246 1650 applicueruut.

882 1778 924 1837 lu
946 1781 975 1840 2.
999 1779 1204 1846 Nocturuo.

956 1915 1132 1983 Antiphanes.

774 2030 846 2096 1.0
870 2036 970 2110 Papia,
995 2040 1148 2113 gratulare,

823 2119 921 2179 Debes
942 2139 1064 2196 namque
1086 2127 1251 2188 collaudare

864 2206 967 2281 Deum,
991 2225 1086 2285 regem
1107 2213 1224 2287 posiae.

767 2326 796 2385 2.
821 2325 878 2385 Pro
900 2326 1036 2389 thesauro
1057 2332 1185 2405 pretioso

818 2412 914 2484 Atque
936 2415 1046 2475 connis
1069 2418 1205 2493 gratioso,

862 2499 951 2570 Quom
973 2507 1005 2560 tu
1027 2517 1126 2562 servas
1148 2504 1242 2564 hodie.

767 2618 796 2676 3.
820 2616 918 2677 Habes
940 2617 1010 2679 lelir
1031 2622 1231 2698 Augustiuum,

820 2701 885 2762 Non
907 2709 1050 2766 terrenum
1072 2708 1125 2767 sed
1148 2709 1275 2769 divinum

861 2788 1037 2851 Thesaurum
1059 2793 1194 2854 laetitiae.

941 2945 1127 3011 Respousoria.

764 3061 792 3120 1.
816 3061 1010 3139 Liupraodus,
1034 3084 1085 3127 rex
1108 3067 1256 3143 benignus,

815 3146 920 3208 Servus
944 3150 1051 3210 Christi
1072 3153 1158 3212 luude
1181 3155 1291 3235 dignos,

813 3232 967 3307 Augustini
988 3243 1117 3296 sanctum
1139 3240 1242 3314 pignus

857 3319 936 3379 Emit
957 3323 1046 3381 multo
1069 3325 1162 3397 pretio

750 3400 785 3462 V.
811 3404 946 3465 Sanctum
969 3423 1073 3481 corpus
1095 3426 1113 3468 a
1134 3412 1254 3485 paganis

812 3490 966 3565 Augustini
990 3509 1041 3554 reu
1064 3494 1204 3568 prolenis.

464 3587 685 3667 v³⁸h0110rl¹¹¹h
759 3610 788 3668 2.
811 3609 945 3671 Sanctum
968 3629 1071 3688 corpus
1092 3623 1279 3690 apportantes

854 3696 1014 3772 liuprandi
1036 3707 1105 3761 tunc
1127 3703 1214 3778 legati

810 3780 1051 3845 Transiretabont
1073 3789 1244 3863 remigantes

852 3869 914 3927 Nec
935 3870 1034 3930 labore
1056 3872 1170 3949 fatigati

807 3954 848 4014 Et
869 3955 907 4014 ad
929 3964 1043 4029 portum
1064 3960 1243 4033 applicantes

850 4043 1032 4112 Jauueusem,
1057 4051 1124 4103 suut
1145 4046 1244 4105 laetati

743 4126 779 4190 V.
808 4125 851 4184 De
874 4126 996 4187 diversis
1018 4130 1164 4188 venientes

850 4213 1007 4286 Corporum
1029 4213 1195 4275 infirmitate

806 4299 892 4358 loch
913 4300 1005 4375 gravi,
1027 4299 1097 4358 lacti
1118 4299 1219 4360 flentes

844 4385 1004 4456 impetrata
1024 4386 1157 4448 sanitate.
