2918 4868
626 267 835 331 -89-

153 440 182 501 2.
205 438 250 497 Er
274 435 427 498 defunctae

248 522 412 598 frequenter
433 525 544 584 ossibus

204 609 303 668 Fluxit
324 610 397 669 odor

246 696 336 755 mirae
358 694 542 774 fragrantiae,

203 782 290 854 Quae,
314 782 381 840 dum
404 781 499 858 vixit·

247 867 387 926 vernabat
408 865 525 926 floribus

204 951 370 1012 Sanctitatis

248 1044 277 1096 et
298 1037 470 1112 pudicitiae3

144 1124 179 1184 V.
202 1123 266 1182 Hoc
288 1125 316 1183 in
339 1123 424 1182 terris

250 1215 391 1268 monstrat
412 1207 581 1283 fragrantia,

206 1297 319 1366 Quanta
341 1292 431 1368 fulget

245 1382 274 1439 in
298 1381 384 1440 coelis
405 1379 504 1454 gloria.

765 460 793 518 3.
815 457 931 516 Ardone
952 459 1026 532 ignis
1048 476 1104 518 non
1126 459 1219 533 potuit

860 542 970 618 Corpus
992 544 1054 616 ejus
1076 558 1250 622 consumere,

816 626 891 687 liam
914 629 1013 688 vitium
1038 645 1093 688 non
1116 629 1204 689 valuit

860 715 988 774 Mentem
1010 716 1071 787 ejus
1094 731 1285 789 corrumpere.

768 819 797 878 4.
820 817 927 877 Vivens
950 824 1101 878 conservat
1120 819 1240 892 gratiam

858 903 939 964 Sacri
961 919 1075 978 semper
1096 904 1285 977 charismatis,

816 986 960 1049 Defunota
977 991 1038 1062 jam
1060 987 1246 1064 fragrantiam

858 1074 1024 1148 Exsuperat
1044 1076 1189 1137 aromatis.

765 1179 794 1238 5.
817 1172 904 1249 Cujus
926 1179 1077 1251 praeclara
1097 1178 1235 1237 sanctitas

857 1262 897 1321 Et
918 1264 1059 1337 passionis
1081 1264 1213 1322 meritum

816 1349 872 1408 Per
893 1349 954 1421 ejus
977 1349 1063 1408 ducat
1084 1350 1200 1409 semitas

859 1434 907 1493 Ad
930 1433 1037 1494 Christi
1058 1451 1110 1494 nos
1131 1435 1273 1495 intuitum.

922 1569 963 1620 ad
981 1570 1145 1622 Benedictus.

755 1673 792 1734 A.
816 1673 923 1732 Mentis
945 1674 1032 1749 nitor,

150 1537 180 1597 3.
202 1535 381 1594 Barcinonae

247 1618 338 1693 fulget
359 1620 488 1694 eeclesia,

205 1706 299 1779 Caput
319 1705 427 1765 habens

248 1792 339 1850 crucis
360 1790 544 1873 signaculum,

203 1877 286 1936 Hauc
306 1883 427 1936 exornat

246 1969 357 2037 martyr
379 1963 502 2034 Eulalia,

202 2049 337 2109 cruciata

245 2150 298 2206 per
320 2133 412 2191 crucis
434 2133 564 2208 titulum;

204 2219 260 2278 Per
281 2235 364 2292 qnam
385 2227 485 2278 nostra

245 2309 381 2363 curentur
404 2304 475 2363 vitia

203 2390 241 2447 Et
264 2390 370 2449 vitetur

246 2475 336 2534 hostis
358 2475 526 2548 periculum.

143 2560 176 2617 V.
200 2560 294 2632 Hujus
316 2568 412 2619 tautae

244 2652 382 2720 patronae
403 2645 537 2719 precibus

200 2733 306 2806 Jnngat
330 2732 461 2792 Christus

243 2834 295 2876 nos
317 2818 389 2877 coeli
411 2818 531 2878 civibus.

282 3041 325 3100 In
353 3041 560 3104 Laudibus.

333 3177 509 3242 Antiphonae.

151 3297 178 3359 1.
202 3296 295 3354 Adest
319 3297 381 3355 dies
404 3297 541 3369 laetitiae,

243 3382 323 3443 Coeli
346 3383 466 3455 plaudat
488 3383 648 3457 collegium,

199 3467 273 3526 Dum
296 3468 414 3542 virginis
436 3469 567 3528 Eulaliae

242 3552 347 3627 Fulget
374 3554 512 3628 trophaeo
533 3555 700 3627 praemium.

149 3694 178 3753 2.
203 3692 273 3750 tum
296 3690 454 3751 coelibatus
476 3691 537 3749 lilio

245 3777 350 3836 Rosam
372 3782 487 3850 gestans
508 3776 640 3850 martyrii

200 3862 302 3921 Servat
324 3863 353 3921 in
377 3863 448 3921 coeli
470 3862 542 3921 solio

245 3948 384 4007 Coronam
407 3948 467 4007 bini
489 3947 618 4021 praemii.

857 1756 910 1817 flos
932 1760 1096 1835 pudicitiae,

815 1843 981 1904 Sanctitatis

858 1931 1012 1991 immensus
1033 1932 1170 2008 mmulus,

816 2013 996 2090 Refulgentis

857 2104 906 2162 lux
928 2102 1096 2180 sapientiae,

817 2187 961 2245 Passionis

856 2272 977 2331 illustris
998 2272 1098 2331 titulus

815 2357 926 2417 Omont
947 2374 1046 2417 sacrae

857 2445 944 2502 decus
966 2443 1106 2520 Eulaliae,

814 2530 904 2602 Quem
925 2545 982 2587 non
1005 2528 1093 2588 vineit

853 2615 943 2687 judex
966 2615 1140 2678 incredulus.

878 2786 919 2845 In
942 2787 972 2847 2.
995 2784 1189 2858 Vesperis.

924 2902 965 2952 Ad
982 2901 1143 2969 Magnirioat

754 3010 791 3068 A.
814 3007 889 3066 Dum
911 3005 1086 3066 transfertur

857 3108 961 3166 corpus
982 3092 1122 3169 Eulaliae,

815 3178 966 3238 Grauitate
1001 3198 1004 3206 ·

858 3263 990 3323 miranda
1011 3263 1162 3341 premitur,

815 3350 913 3424 Spirat
934 3349 1015 3423 odor,

856 3436 945 3495 mirae
965 3433 1151 3510 fragrantiae,

813 3521 931 3580 Sacrum
953 3521 1015 3594 ctus

857 3623 889 3665 os
911 3623 966 3665 uon
989 3605 1131 3679 aduritur,

815 3691 888 3751 Nam
911 3692 948 3750 ab
970 3692 1036 3766 igne

857 3776 1104 3852 concupiscentiae

814 3863 898 3922 Meus
919 3863 996 3922 illius

857 3949 959 4009 illaesa
979 3948 1126 4022 panditur.

207 4101 282 4150 Brev.
301 4117 348 4150 ms.
369 4101 527 4151 Praedicatt.
545 4116 614 4153 saec
636 4099 675 4152 15.
705 4100 767 4152 Cod.
787 4102 929 4153 Scorialen.
949 4119 965 4153 a
982 4103 1024 4153 III
1039 4097 1064 4152 3.
1077 4104 1108 4152 Α.
1128 4127 1160 4136 -
1179 4100 1253 4151 offic.
1267 4116 1315 4150 ms.

137 4184 206 4218 saec.
231 4166 270 4219 16.
300 4170 363 4220 Cori.
382 4171 554 4220 Barcinonen.
575 4168 588 4221 l
607 4171 645 4221 IV
663 4167 679 4220 7
698 4172 727 4221 Β.
746 4172 818 4221 —B
841 4173 877 4220 ist
897 4173 940 4221 ein
957 4171 1031 4221 Blatt
1050 4172 1229 4237 ausgerinsen,
1252 4186 1316 4219 wes-

138 4237 201 4287 halb
221 4254 249 4286 os
274 4244 327 4287 erat
348 4241 396 4288 mit
418 4239 464 4289 der
484 4236 505 4288 l.
524 4239 646 4289 Noktnrn
665 4240 781 4306 beginnt
800 4268 832 4275 -
850 4241 880 4289 In
901 4238 923 4290 l.
941 4240 1017 4290 Noot.
1037 4235 1056 4289 Β
1075 4236 1099 4301 2,
1117 4236 1134 4288 6
1151 4244 1223 4289 mute
1241 4239 1315 4302 flagi·

138 4308 204 4354 tium
223 4307 252 4356 B.
273 4333 302 4340 --
323 4302 342 4355 Β
360 4303 385 4366 2,
407 4304 437 4356 12
456 4309 540 4357 mum
558 4324 610 4358 non
628 4309 736 4359 nuntius
754 4310 784 4357 B.
804 4338 833 4343 -
855 4304 874 4358 Β
892 4304 917 4372 3,
935 4304 952 4357 2
968 4308 1087 4360 maestus
1105 4324 1229 4357 eunomus
1242 4310 1269 4358 Β
1282 4334 1316 4342 -

139 4369 158 4422 Β
176 4371 207 4434 3,
228 4372 244 4424 8
262 4380 288 4424 et
307 4380 399 4425 vernat
415 4377 514 4441 ungula
533 4378 562 4426 Β.
581 4407 611 4412 -
630 4378 662 4427 ln
679 4373 704 4426 2.
723 4377 797 4429 ntooa
813 4372 833 4425 Β
855 4374 878 4437 l,
894 4373 919 4426 2.
939 4375 975 4427 Et
992 4378 1154 4428 flammarum
1173 4378 1225 4426 ΑΒ.
1243 4401 1278 4412 -
1297 4370 1316 4424 Β
