2918 4868
634 264 844 328 -73..

519 441 547 499 4.
572 438 612 499 Ut
634 455 686 497 nos
711 453 778 512 crgo
802 438 892 497 facins

616 524 690 582 coeli
711 522 768 581 frui
790 524 893 600 patria,

575 610 675 669 Laude
697 615 746 669 tua
769 617 899 668 resonent

615 695 735 769 virginis
758 695 829 753 baec
848 695 932 756 atriu.

226 815 300 863 Brev.
321 814 475 878 Urgellense
499 816 561 877 imp.
580 813 708 863 Venetiis.
734 809 806 862 1487.
822 837 854 847 -
874 812 933 862 Alte
949 812 1118 878 Antiphonem
1135 812 1181 862 des
1199 808 1338 862 Officiums

156 881 214 931 siud
233 882 378 946 prosaiscb.
398 909 428 915 -
448 883 480 931 In
501 880 521 931 1.
542 883 616 931 Noet
635 878 655 929 Α
680 877 1094 943 1,3Quasanence10bratur.
1113 906 1146 914 -
1164 875 1183 927 S
1201 876 1232 939 3,
1253 877 1265 930 l
1285 881 1337 931 Ur·

173 950 274 1000 eliensi.
293 976 326 986 -
346 944 364 997 R
384 947 414 1010 3,
433 948 552 1000 4tenuit
570 953 668 1014 pariter
685 949 784 1000 ordine.
802 978 836 985 —
855 944 873 997 R
892 946 917 1008 3,
936 947 951 999 6
970 949 1097 1000 defensor.
1117 978 1148 985 -
1167 951 1199 999 In
1216 945 1240 998 2.
1259 949 1336 998 Noet

154 966 177 1065 N
195 1015 219 1078 3,
240 1015 251 1067 l
272 1019 355 1080 Quem
375 1019 524 1085 peragebat
545 1045 575 1051 —
597 1012 616 1065 Β
634 1014 658 1076 3,
677 1015 816 1069 2Barensi
837 1024 932 1083 pontus
951 1018 1084 1080 adhibuit3
1102 1019 1218 1083 gemeint
1235 1019 1271 1067 ist
1288 1017 1336 1067 das

155 1087 261 1151 heutige
285 1087 418 1136 Pontebar
440 1102 482 1136 am
508 1088 599 1151 Segne,
625 1087 680 1137 drei
699 1087 817 1137 Stundcn
841 1086 968 1136 eberhalb
987 1086 1063 1136 Seo's
1086 1087 1118 1136 de
1141 1087 1229 1152 Urgel.
1254 1115 1285 1123 -
1304 1087 1337 1136 In

155 1151 180 1204 3.
200 1156 275 1205 Noct
294 1150 314 1204 R
336 1153 357 1213 l,
376 1153 393 1204 2
412 1156 497 1221 plebis
515 1156 631 1221 ergiuzt
650 1181 683 1189 -
702 1156 782 1206 Verb.
801 1153 825 1216 4,
845 1153 862 1205 3
880 1161 993 1206 resonat

460 1353 462 1356 -
550 1320 593 1376 26.
630 1320 668 1376 llo
687 1323 787 1377 sancto
806 1319 941 1378 Edronis.

780 1449 809 1506 3.
832 1448 890 1506 Per
912 1463 1011 1504 manus
1034 1446 1192 1504 crudelium

875 1532 962 1606 Virgo
984 1530 1155 1608 flagellatur,

837 1617 985 1678 Castitatis
1007 1617 1098 1675 lilium

873 1705 954 1763 Inter
974 1703 1072 1776 spinas
1096 1704 1188 1761 datur.

280 1448 321 1504 In
346 1449 372 1506 l.
398 1447 591 1519 vesperis.

323 1565 408 1628 Super
425 1564 552 1615 Psalmos.

157 1671 195 1734 A.
219 1668 346 1743 Virginis
368 1666 518 1727 Eulcmiae

259 1754 375 1812 Festum
399 1754 583 1829 celebremus,

221 1840 313 1901 Utin
336 1855 423 1914 regno
445 1839 553 1913 gloriae

260 1925 330 1985 curn
352 1925 417 1998 ipsa
438 1941 596 2000 regnemus.

958 1822 1144 1885 Respousoria.

782 1907 811 1968 l.
832 1907 945 1967 Nobilis
969 1906 1113 1981 Eufemiu‚

835 1992 981 2051 Senatoris
1004 1991 1072 2069 lilia,

327 2094 368 2145 Ad
386 2093 546 2160 Magnificat
835 2077 936 2138 Statim
959 2078 996 2137 ab
1018 2075 1141 2137 infantia

872 2164 946 2222 Fide
969 2163 1160 2237 consiguatur,

874 2249 989 2308 Christe
1011 2265 1116 2322 sponso
1139 2250 1233 2323 datur,

773 2333 804 2390 V.
830 2334 962 2393 (laudens
984 2335 1144 2393 interlitis

835 2419 929 2493 Digna
952 2420 1024 2479 coeli
1046 2421 1134 2479 curia.

784 2527 813 2583 2.
837 2524 929 2595 Igitur
951 2522 1124 2595 martyribus

836 2609 893 2667 Pro
915 2608 973 2666 tide
995 2608 1171 2668 certantibus

158 2201 193 2259 A.
217 2199 334 2258 Transit
355 2199 393 2258 ad
417 2200 496 2273 regni
519 2199 620 2258 solium

222 2285 309 2359 Virgo
331 2291 442 2358 martyr
462 2284 602 2362 Eufemia,

222 2369 402 2444 virginitatis
424 2370 515 2428 lilium

221 2455 344 2530 Fragrat
365 2456 395 2515 in
419 2455 491 2514 coeli
513 2455 602 2524 curia,

220 2542 297 2610 Rosa
319 2541 391 2600 coeli
413 2541 551 2600 rosarium

220 2627 298 2685 Mira
321 2626 439 2687 decorat
461 2627 560 2701 gloria.
969 2695 975 2707 .

874 2694 995 2753 Consors
1019 2710 1141 2753 coronae

837 2779 924 2853 Virgo
946 2785 1057 2854 martyr
1077 2780 1179 2838 inclita

280 2849 335 2907 Ad
359 2849 596 2907 matutinum.
837 2864 919 2939 pugn
944 2865 1040 2923 arsut
1063 2865 1149 2924 soma

340 2966 535 3015 invitatorium.
874 2952 931 3010 Pro
953 2956 991 3022 te,
1013 2950 1084 3008 Jesu
1105 2951 1188 3011 bone.

774 3039 807 3097 V.
831 3038 907 3094 Ante
933 3036 1059 3093 Priscum
1074 3037 1170 3108 posita

837 3120 924 3180 Nullo
946 3126 1022 3178 metu
1044 3123 1147 3181 territa

874 3206 980 3265 Exstat
1001 3208 1030 3264 in
1053 3223 1152 3281 egone.

787 3312 816 3371 3.
837 3308 901 3367 Stat
924 3309 1090 3381 luperianus,

836 3394 970 3467 Sophiste
988 3392 1136 3471 profanus,

876 3482 916 3541 Ut
937 3479 1086 3538 subvertat
1108 3479 1257 3554 virginem,

274 3548 314 3607 In
339 3551 366 3609 1.
391 3549 598 3607 Nocturno.
837 3567 889 3624 Vel
912 3572 943 3623 ut
965 3565 1062 3623 mittat
1081 3582 1182 3623 manus

357 3665 531 3731 Anuphonae.
875 3651 922 3711 Ad
946 3648 1123 3711 tundendum
1145 3650 1321 3729 sauguinem,

222 3069 279 3141 Ep'a
302 3085 375 3127 nurrc
398 3069 536 3128 solemnia

261 3154 350 3213 Laeta
372 3155 558 3224 celebremus,

222 3240 346 3314 Virginis
369 3257 422 3314 pro
444 3242 536 3315 gloria

260 3325 373 3385 Christo
392 3326 557 3398 jubilemus.

170 3771 196 3830 1.
224 3770 295 3829 Orta
318 3770 354 3827 de
375 3769 519 3828 nobilibus
774 3739 809 3801 V·
833 3736 928 3794 JUdffl
952 3737 1009 3795 filu
1030 3753 1119 3796 vanus

259 3855 365 3929 Stirpis
385 3852 438 3914 flos
460 3853 603 3929 Eulemia,

224 3939 357 3999 Nobilior
378 3939 505 3999 moribus

262 4025 311 4083 Fit
333 4032 485 4099 pareutum
507 4026 607 4100 gloria.

169 4150 198 4208 2.
223 4146 337 4205 Christo
360 4153 543 4205 consecratur

258 4234 363 4290 Aetate
384 4232 506 4304 novella,

222 4317 305 4376 Nova
325 4318 403 4390 pugil
428 4318 514 4376 datur

261 4402 311 4464 Ad
333 4401 402 4463 fidei
425 4403 510 4463 bella.

833 3820 945 3881 Nititur
966 3823 1091 3881 insanus.

890 3960 931 4018 In
956 3962 984 4019 2.
1008 3958 1216 4016 Nocturno.

967 4059 1144 4124 Antiphonae.

789 4149 815 4208 l.
838 4148 934 4208 Judex
953 4145 1062 4204 frustra
1084 4145 1185 4204 nititur

877 4232 1022 4305 Virginem
1046 4233 1191 4301 seducere,

838 4318 896 4377 Sed
919 4333 972 4375 neo
993 4317 1107 4377 blandis
1129 4317 1253 4376 vincitur

876 4402 938 4462 Nec
960 4408 1084 4462 terretur
1106 4402 1235 4463 verbere.
