2918 4868
597 309 833 375 —217-

129 484 157 540 5.
180 480 268 551 cujus
291 497 346 538 non
368 480 439 538 latet
461 480 573 538 oculum
744 487 771 546 7.
795 486 962 561 Quingentis
984 488 1060 548 alter
1080 492 1203 549 numulis

181 565 336 624 creaturae
357 563 518 638 latibulum,
796 572 882 632 Alter
903 589 970 632 vere
992 574 1214 650 quinquagenis3

179 651 343 724 Proponcns
365 651 570 711 immutabilem
796 658 850 730 Qui
872 659 1201 736 rependendifidebitum

178 737 364 796 Remissioris
385 737 526 810 speciem:
798 742 861 802 Non
886 745 1010 804 habuere
1032 748 1165 820 pretium.

125 864 154 920 6.
178 860 284 931 Simon,
307 859 398 932 inquit
422 859 587 930 domestice,
740 865 767 922 8.
793 863 964 937 Compassus
984 867 1071 926 corde
1092 869 1219 928 creditor

178 944 290 1003 dilatus
313 945 476 1018 allegorice,
792 949 917 1008 Indulsit
939 951 1117 1025 beneficium,

178 1030 242 1089 Duo
265 1028 381 1089 fuemnt
404 1031 539 1104 homines,
792 1033 847 1092 Dic
869 1036 974 1109 itaque,
999 1038 1062 1111 quis
1085 1040 1236 1112 plurimum

177 1116 300 1176 Diverso
322 1117 410 1174 vincti
432 1115 558 1191 foenore,
790 1120 899 1179 Horum
922 1122 1022 1182 dilexit
1044 1127 1223 1197 praemium?

475 1258 504 1318 9.
528 1256 609 1329 Quod
633 1256 790 1329 promisisti
811 1257 942 1317 omnibus

529 1344 572 1402 Te
594 1357 662 1400 vere
685 1342 869 1416 diligentibus

526 1427 596 1487 bum
618 1433 702 1500 patre
722 1435 752 1486 et
773 1435 871 1488 sancto
893 1429 996 1503 spirim

525 1515 559 1572 In
581 1514 757 1586 sempiterna
777 1516 901 1576 saecula.

192 1647 267 1697 Brev.
291 1663 341 1697 sec.
365 1648 482 1712 regulam
508 1664 529 1697 s.
552 1648 649 1699 Isidori
674 1650 736 1714 imp.
758 1648 843 1698 'foleti
869 1646 943 1700 1502.
967 1676 1000 1684 -
1026 1648 1051 1712 l,
1078 1649 1095 1702 2
1116 1656 1243 1718 capitilio.
1267 1684 1301 1694 -

123 1712 147 1777 2,
165 1714 183 1765 4
202 1718 294 1766 (trucis
312 1718 401 1766 servit
421 1746 452 1752 -
472 1715 495 1778 7,
514 1712 531 1766 3
549 1718 653 1781 repetiti
671 1717 796 1767 debitum.
816 1747 848 1754 —
860 1719 926 1768 Dies
939 1720 1005 1769 Lied
1023 1723 1059 1770 ist
1074 1721 1222 1787 gleichialls
1241 1726 1300 1776 eine

124 1785 264 1849 migliclrst
281 1785 469 1851 ungoschiekte
481 1785 607 1836 Auswahl
625 1801 677 1835 von
689 1787 790 1836 Verson
808 1801 856 1836 aus
874 1787 933 1836 dem
946 1789 1067 1853 Hymnus
1086 1790 1119 1840 ad
1136 1793 1300 1844 mandatum:

124 1854 188 1902 Dum
210 1857 288 1913 piem
310 1858 464 1913 multimoda,
487 1855 537 1903 den
562 1869 622 1904 man
645 1854 801 1920 vergleichc.
838 1857 869 1905 ln
894 1856 953 1906 dom
970 1857 1161 1923 Originalliode
1178 1860 1226 1910 hat
1238 1862 1300 1926 jede

124 1924 235 1988 strophe
257 1921 273 1972 6
296 1924 398 1984 Zeilen,
422 1924 479 1973 hier
501 1938 551 1973 nur
576 1925 641 1973 vien.
678 1925 709 1973 In
732 1924 779 1973 das
807 1924 1007 1975 Mozarebische
1023 1927 1130 1976 Brevier
1156 1929 1192 1978 ist
1214 1930 1299 1982 dieses

124 1993 286 2041 llmrelrstirck
310 2008 361 2042 nur
381 1991 462 2042 durch
481 1991 617 2054 Cianeros,
643 1992 882 2057 beciehungsweise
899 1993 973 2042 Ortia
994 1995 1158 2059 gekommcn.
1194 1999 1224 2048 In
1248 1999 1300 2050 den

123 2061 194 2110 alten
214 2061 416 2110 llandselrriiton
434 2061 480 2111 des
498 2061 574 2110 Ritus
592 2061 649 2109 tritt
666 2077 694 2110 es
712 2060 786 2110 nicht
803 2062 855 2111 auf.

480 2313 539 2370 382.
571 2313 610 2370 lie
628 2328 650 2370 s.
668 2311 758 2370 llario
775 2312 951 2387 llagdalcns.

128 2463 154 2521 1.
178 2462 239 2532 Quo
263 2466 418 2532 pascuntur
440 2459 512 2517 coeli
535 2459 611 2518 cives
739 2463 767 2520 3.
791 2457 911 2518 Fontem
933 2461 1033 2519 lavans
1055 2463 1234 2533 emundatur,

180 2549 255 2607 Pane
276 2562 389 2618 semper
411 2546 494 2604 homo
516 2545 594 2605 vives
791 2545 865 2603 Dum
887 2546 924 2604 ab
946 2546 1010 2619 ipsa
1031 2545 1095 2606 fons
1118 2549 1239 2623 lavatur,

220 2634 252 2691 ln
276 2631 505 2706 molestiarum,
834 2631 890 2690 Vas
912 2633 1047 2691 emundat
1070 2635 1226 2708 proprium,

179 2720 209 2778 Si
232 2718 341 2776 Maniae
364 2733 417 2791 per
440 2714 599 2786 exemplum
789 2718 838 2776 Ad
861 2734 910 2776 cor
931 2718 1104 2790 poenitendo
1126 2722 1203 2779 redit

178 2804 285 2862 Summi
307 2803 361 2862 Dei
381 2802 434 2862 fias
456 2800 593 2874 templum
790 2803 837 2875 Et,
861 2808 892 2861 nt
912 2804 1003 2882 decet,
1027 2806 1113 2863 corde
1132 2807 1225 2864 eredit

219 2889 328 2948 Ductus
349 2888 533 2962 poenitentia.
833 2888 881 2948 Sic
902 2889 932 2947 in
955 2889 1010 2948 Dei
1032 2889 1132 2953 filium.

123 3012 153 3070 2.
176 3007 279 3068 sacros
300 3008 390 3082 pedes
412 3009 511 3067 lavans
534 3007 641 3066 Christi
734 3011 763 3067 4.
787 3006 875 3079 Cujus
899 3009 973 3068 dono
996 3011 1123 3069 caritatis

179 3094 273 3155 Corde
295 3110 378 3168 puro,
402 3094 482 3152 vultu
504 3093 580 3150 tristi
789 3093 838 3152 Sic
860 3095 1030 3153 mundemur
1051 3112 1069 3154 a
1090 3099 1225 3177 peccatis,

217 3181 347 3252 Propriis
368 3180 439 3237 hacc
460 3179 596 3250 lacrimis,
830 3181 871 3241 Ut
892 3181 1033 3253 possimus
1058 3180 1144 3239 edere

176 3265 247 3336 Ejus
269 3265 360 3324 nardo
382 3270 468 3337 caput
489 3265 569 3336 ungit
787 3264 885 3337 Regno
907 3281 958 3323 suo
981 3282 1082 3338 panem
1102 3282 1209 3336 verum,

175 3350 213 3407 Et
234 3352 276 3408 sic
298 3354 323 3408 ei
346 3366 376 3407 so
399 3350 545 3422 conjungit
787 3349 907 3423 Semper
929 3367 1031 3408 novum
1054 3359 1083 3409 et
1103 3352 1254 3426 sincerum,

217 3437 297 3494 Totis
320 3436 416 3494 cordis
438 3435 555 3495 intimis.
828 3437 890 3506 Quo
912 3443 1069 3508 pascuntur·
1090 3440 1215 3502 aethere.

190 3573 264 3620 Brev.
283 3586 331 3621 rna.
349 3570 376 3620 S.
394 3569 525 3619 lobannis
543 3568 575 3618 de
592 3569 668 3619 Pirria
687 3584 754 3618 saec.
775 3565 814 3619 18.
833 3568 895 3619 cod.
907 3570 1050 3620 Scorialen.
1069 3571 1089 3618 P
1107 3572 1147 3621 111
1168 3569 1206 3622 14.
1219 3575 1249 3623 Α.
1264 3599 1293 3607 -

120 3639 226 3704 Antiph.
244 3655 290 3687 ms.
310 3639 423 3688 Oscenso
442 3654 509 3688 saec.
530 3634 568 3687 13.
587 3637 650 3688 (lod.
670 3638 757 3702 Capit.
774 3638 867 3689 Oscen.
886 3655 908 3689 a.
925 3655 951 3688 n.
969 3640 999 3690 B.

496 3873 557 3930 383.
594 3874 632 3930 lle
650 3889 672 3929 s.
690 3871 779 3930 llcria
797 3872 914 3931 Salonio.

570 4013 600 4065 ln
622 4013 701 4081 Vesp.
720 4018 747 4065 et
764 4013 848 4066 Laud.

367 4160 394 4218 1.
420 4156 527 4214 Psallat
548 4157 577 4214 in
600 4155 687 4213 coelis
709 4155 812 4213 chorus
834 4157 1008 4228 angolorum,

417 4243 512 4301 Ceteri
535 4243 611 4300 cives
634 4247 768 4300 resonent
789 4241 929 4313 polorum,

417 4328 560 4399 Organum
583 4326 700 4399 pulsans
723 4326 872 4384 modulans
894 4333 1024 4384 tonorum

460 4413 550 4471 Terra
572 4412 699 4470 resultet.
