2918 4868
664 263 873 326 -70-

519 430 563 484 22.
598 428 638 486 llo
656 444 691 485 se.
710 429 806 487 desua
824 434 854 488 et
873 431 1016 490 llamiano.

303 539 342 595 ln
369 538 397 599 1.
420 539 620 611 Vesperis.

351 654 390 704 Ad
412 655 574 720 Mugniiieat

181 745 217 801 A.
245 742 378 803 Gloriosa

287 828 411 900 genitrix
434 828 596 899 Theodora,

241 913 414 973 Liberorum

285 999 434 1057 educatrix
456 999 567 1071 sedula,

242 1083 377 1145 Studiose

284 1169 452 1243 procuravit
472 1174 591 1241 pectora

244 1254 406 1315 lniormare

285 1340 415 1399 veritatis
438 1340 546 1413 regula.

298 1511 353 1570 Ad
375 1511 617 1572 Matutinnm.

372 1629 567 1678 invitatorium.

245 1713 380 1771 victricis
402 1715 522 1772 militiae

286 1800 393 1872 Regem
415 1800 566 1859 adoremus

247 1885 286 1944 Et
308 1901 428 1944 coronas
449 1879 561 1960 pugiles

288 1970 359 2042 Ejus
381 1971 572 2043 predicemus.

304 2143 343 2201 ln
369 2143 395 2201 1.
420 2141 628 2202 Nocturno.

373 2258 549 2324 Antiphonue.

195 2350 222 2408 1.
246 2346 402 2405 Damianos

290 2436 319 2489 et
341 2433 459 2493 Cosmus
481 2433 580 2505 genili,

245 2517 333 2575 Lacte
354 2517 436 2575 uberi

290 2619 343 2676 per
364 2609 484 2661 matrem
506 2602 578 2678 aliti,

247 2687 459 2746 Concreverunt

289 2774 396 2831 tirones
419 2773 519 2829 incliti.

196 2877 226 2936 2.
248 2875 422 2935 clamemnt

291 2959 385 3018 caruis
405 2958 549 3036 prosapia,

249 3045 392 3105 clariores

290 3131 394 3189 mentis
416 3129 569 3203 industria,

250 3216 407 3276 Clarissimi

293 3302 391 3361 divina
413 3303 517 3376 gratia.

198 3409 227 3466 3.
251 3404 413 3464 Medicinae

292 3490 364 3548 artis
386 3491 491 3563 peritia

250 3576 435 3635 Illustrantor

291 3659 385 3720 infusa
406 3661 509 3735 gratia,

249 3747 429 3806 Medicantes

295 3833 357 3890 sine
379 3831 509 3905 pecunia.

311 4002 353 4060 In
377 4005 406 4064 2.
431 4002 636 4062 Nocturno.

381 4119 556 4184 Antiphonae.

201 4228 228 4287 1.
252 4225 363 4285 Lucent
386 4226 442 4283 dno
465 4224 639 4284 candelabra

254 4314 287 4370 ln
309 4311 384 4382 regis
407 4317 502 4369 terrae
525 4310 672 4380 cathedra,

253 4397 331 4469 Quae
353 4404 452 4455 carent
474 4397 576 4455 mentis
599 4395 728 4458 tenebra.

805 543 834 600 2.
856 541 936 600 Duae
957 541 1044 601 tubae
1066 548 1241 617 concrepant

900 626 1017 686 Plebem
1040 634 1254 703 congregantes,

858 713 1065 788 Dispergentes
1087 715 1239 790 increpant

902 798 997 872 Signis
1019 807 1226 863 corruscantes.

806 903 835 961 3.
858 900 931 959 Bina
954 902 1036 976 virge

902 1002 971 1060 grex
995 987 1102 1047 Christi
1123 988 1241 1062 regitur,

860 1071 977 1131 &smus
999 1089 1085 1132 sensu

903 1158 990 1217 decor
1012 1159 1192 1232 exprimitur,

860 1244 1019 1303 Funiculus

904 1328 997 1389 frater
1017 1331 1204 1406 dignoscitur.

914 1520 955 1578 ln
978 1521 1008 1579 8.
1030 1519 1241 1580 Nocturna.

993 1636 1169 1703 Antiphonae.

812 1742 840 1800 l.
865 1742 1027 1800 Persoualie

906 1833 969 1886 erat
993 1827 1127 1899 dualitas,

863 1911 1009 1984 Spiritalis

905 1998 1019 2071 vigebat
1041 1998 1135 2056 unitas

862 2083 1029 2157 Eademque

903 2171 1007 2228 mentis
1033 2169 1194 2231 sinceritas.

809 2273 838 2330 2.
861 2271 944 2330 Oculi
966 2272 1106 2332 ecclesiae

823 2421 824 2424 Ἴ
903 2359 942 2416 Hi
966 2363 1032 2416 sunt
1054 2355 1218 2426 columbini,

862 2445 888 2501 A
910 2441 1017 2502 fluento
1039 2443 1148 2519 gloriae

903 2530 1017 2603 Jngiter
1037 2529 1142 2601 supini.

809 2635 838 2692 3.
862 2631 900 2689 Hi
922 2639 990 2689 suut
1010 2631 1111 2689 matris
1134 2629 1233 2701 libera,

905 2718 982 2788 Quae
1003 2734 1060 2776 non
1082 2720 1227 2784 aruerunt,

861 2801 919 2860 Sed
942 2803 1050 2861 tenella
1071 2803 1182 2862 viscera

906 2889 1026 2961 Semper
1046 2886 1214 2946 floruerunt.

973 3025 1188 3089 Responaorium.

810 3133 839 3190 3.
860 3129 954 3188 dulae
975 3130 1107 3188 coelestis

904 3215 1000 3273 Electi
1021 3214 1138 3286 milites,

866 3300 1068 3360 Periclitantes

903 3388 1002 3458 juvate
1024 3386 1147 3459 pedites,

805 3471 837 3532 V.
868 3472 909 3532 Ut
930 3473 1020 3530 vestri
1041 3471 1113 3531 liant
1135 3470 1262 3538 comites,

707 3549 710 3554 ⁴
866 3559 901 3618 ln
920 3559 1125 3631 sempiternum
1148 3556 1263 3615 divites.

1026 3693 1148 3744 Verbeia.

815 3781 843 3842 1.
865 3781 1022 3854 Agonistae
1044 3779 1199 3841 confortati

909 3868 1022 3927 Virtute
1043 3866 1220 3926 constantiae

868 3951 916 4010 Sic
938 3953 1116 4025 triumphant
1136 3949 1259 4010 laureati

910 4038 1023 4097 Corona
1041 4038 1181 4110 justitiae.

814 4143 844 4200 2.
869 4140 1053 4213 consepelire
1072 4145 1210 4215 metuunt,

909 4226 986 4296 Quos
1008 4226 1103 4299 passio
1121 4226 1243 4298 unierat,

866 4311 950 4369 Bruti
971 4311 1086 4384 linguae
1106 4311 1254 4382 obediunt,

909 4398 1000 4468 Quam
1021 4396 1100 4454 Deus
1120 4402 1282 4470 aperuerat.
