2918 4868
628 254 666 262 -
713 217 860 282 210-

560 389 624 478 364.
655 419 693 476 lle
713 420 810 477 saneto
827 421 927 478 llarce.

646 541 689 596 Ad
707 541 848 610 Vesperas.

159 670 186 729 l.
210 668 328 735 Plaude,
352 667 438 727 turba
457 665 594 738 fidelium,
774 672 803 730 5.
827 667 933 725 Divina
954 681 1092 739 spargens
1115 664 1231 736 semina,

209 752 301 812 Marci
324 768 445 825 poscens
467 751 641 826 suffragium,
825 752 925 811 Hostis
948 752 1117 825 dispergens
1138 750 1252 824 agmina

209 839 297 911 Cujus
318 843 467 912 praestant
489 838 627 897 solemnia
828 838 890 897 Tuo
913 836 1001 896 fultus
1023 835 1145 912 eloquio,

208 924 326 983 Beata
352 923 464 983 nobis
483 923 635 997 gaudia.
825 923 935 998 lesu,
956 927 1090 981 nostra
1108 921 1335 994 redemptio.

158 1030 187 1089 2.
210 1026 269 1086 Sub
292 1027 406 1086 leonina
428 1027 524 1100 specie
773 1029 802 1089 6.
822 1025 952 1084 Tandem
974 1025 1079 1098 ligatus
1101 1024 1233 1096 trahitur,

213 1113 297 1172 lllum
322 1112 453 1187 designat
476 1111 603 1186 proprie,
827 1114 860 1171 ln
883 1126 1025 1169 carcerem
1049 1109 1216 1185 recluditur,

210 1195 268 1272 Qui
291 1196 384 1257 fracto
405 1197 506 1256 mortis
527 1213 642 1255 carcere
827 1197 1006 1269 Recepimus
1026 1200 1092 1268 post
1113 1195 1234 1254 verbera

208 1284 343 1342 Victor
365 1284 494 1357 surgit
517 1283 560 1340 de
576 1281 720 1346 funere.
825 1280 1163 1342 Aeternachristi
1185 1296 1335 1344 munera.

160 1390 189 1447 3.
213 1387 302 1446 Sacro
323 1387 443 1445 docente
465 1384 581 1443 flamine
774 1387 802 1446 7.
827 1385 957 1443 Ednetns
979 1381 1047 1442 fune
1069 1383 1220 1456 stringitur

212 1472 304 1530 Tuum
324 1471 403 1530 claro
426 1471 581 1530 dictamine
826 1471 865 1529 Et
887 1471 929 1527 sic
951 1486 1004 1542 pro
1028 1465 1142 1529 Christo
1163 1469 1293 1546 moritur,

211 1556 373 1630 Descripsit
395 1558 583 1630 evangelium,
826 1555 910 1613 Nunc
931 1559 1033 1628 regnet
1053 1555 1083 1613 in
1107 1552 1286 1626 coelestibus,

214 1643 384 1715 Christe,
408 1642 632 1716 redemptor
653 1658 720 1700 om·
826 1641 1015 1700 Exsultet
1046 1640 1191 1698 coelum
1213 1640 1336 1699 laudi·

513 1729 624 1788 nium.
1131 1725 1209 1783 bus.

160 1833 190 1892 4.
214 1830 304 1888 Tuam
327 1830 450 1903 adeptus
472 1831 591 1903 gretiam
775 1833 804 1892 8.
829 1829 916 1901 Cujus
938 1828 1058 1887 sacratis
1079 1827 1214 1900 precibus

214 1916 344 1974 Perrexit
366 1916 583 1988 Alexandriam,
829 1915 937 1990 Caecis,
962 1913 1083 1986 claudis,
1106 1913 1306 1985 languentibus

211 2000 251 2060 Ut
273 2007 444 2060 vocarentur
465 2000 570 2074 perfidi
829 1998 935 2059 Confer
956 1999 1098 2057 medelam
1121 1999 1277 2071 vulnerum,

210 2087 266 2147 Ad
282 2085 723 2162 coenamagniprovidi.
829 2085 1019 2144 Conditor
1041 2085 1137 2143 alme
1159 2085 1337 2144 siderum.

516 2192 546 2251 9.
570 2184 614 2247 Sit
636 2189 707 2264 laus,
727 2186 822 2257 decos,
847 2188 985 2262 potentia,

568 2274 677 2346 Honor,
701 2273 792 2332 virtus
813 2280 841 2332 et
864 2273 956 2346 gloria

569 2360 659 2432 Patri,
682 2364 750 2418 nato
771 2375 834 2417 cum
856 2357 971 2418 flamine

564 2445 592 2504 A
615 2445 713 2503 solis
735 2451 844 2504 ortus
867 2444 1037 2506 cardine.

227 2562 306 2611 Paalt
332 2579 377 2612 ms.
397 2564 526 2613 Oculense
556 2577 624 2612 auec
645 2558 684 2613 14.
706 2560 769 2612 eod.
789 2561 866 2612 Arch.
886 2564 946 2612 Nat
965 2562 1098 2612 Matriten.
1119 2557 1341 2611 13.3-4.n.—

158 2631 235 2679 Brev.
254 2630 316 2681 Ord.
336 2632 362 2681 S.
380 2631 475 2681 Jacobi
504 2632 536 2680 de
555 2626 637 2696 Spata
657 2633 720 2697 imp.
738 2631 857 2696 Iegiono
877 2626 950 2680 1532.
968 2631 998 2679 B.
1019 2658 1047 2664 -
1071 2628 1093 2689 l.
1113 2626 1130 2679 2
1148 2630 1229 2680 Marci
1249 2633 1342 2694 potens

156 2696 190 2760 (l:
210 2696 332 2763 potensi)
351 2701 380 2749 B.
400 2728 432 2735 —
457 2696 479 2759 1.
497 2695 514 2749 3
533 2704 650 2765 praestat
666 2702 696 2750 B.
716 2727 748 2736 -
766 2695 791 2760 8,
809 2695 827 2750 3
846 2699 974 2749 medelam
993 2700 1108 2749 omnium
1130 2700 1159 2748 B.

562 2930 623 2991 335.
660 2934 698 2991 lle
716 2935 814 2991 sancto
833 2933 934 2990 llarco.

634 3055 678 3110 Ad
696 3055 867 3111 Nocturnum.

164 3178 193 3236 l.
216 3177 327 3236 Haeres
349 3178 459 3236 aeterni
481 3178 605 3249 luminis,
779 3184 807 3241 3.
831 3180 1010 3253 Receptums
1032 3179 1176 3238 aureolam

213 3263 325 3335 Marce,
350 3263 464 3321 virtutis
486 3264 642 3338 speculum,
832 3264 911 3324 Coeli
934 3265 1100 3323 conscendit
1122 3264 1255 3336 culmina,

215 3350 305 3420 Quam
330 3350 473 3424 degustas,
498 3349 659 3409 dulcedinis
832 3349 946 3409 Laudat
968 3350 1054 3409 tellus
1076 3349 1230 3423 agricolam

216 3434 308 3493 Nobis
331 3433 454 3507 propina
475 3437 619 3508 poculum.
830 3436 914 3494 Vitae
937 3442 1087 3509 reportans
1110 3435 1226 3496 semina.

161 3539 191 3597 2.
216 3537 272 3595 Hic
295 3544 338 3595 est
360 3540 486 3613 Marcus,
509 3539 557 3611 qni
580 3539 684 3598 meruit
777 3541 806 3599 4.
830 3538 905 3597 Dum
928 3556 981 3612 pro
1004 3544 1042 3611 te,
1064 3538 1186 3609 Christe,
1210 3537 1338 3613 moritur,

216 3623 289 3681 Esse
309 3639 414 3696 praeco
433 3623 572 3696 justitiae,
832 3625 927 3684 vicem
956 3641 1009 3696 pro
1032 3623 1093 3681 vice
1116 3623 1253 3699 reddidit,

214 3710 302 3779 Quem
326 3725 377 3767 rex
400 3709 530 3767 coelestis
552 3709 646 3768 induit
830 3710 895 3769 Tibi
917 3726 1002 3783 passo
1015 3710 1187 3782 compatitur

216 3794 297 3854 Stola
318 3795 453 3868 perennis
475 3795 592 3871 gloriae.
829 3795 869 3854 Et
888 3812 942 3868 pro
963 3801 993 3853 te
1014 3812 1077 3854 sese
1098 3794 1229 3855 tradidit.

519 3902 549 3959 5.
571 3897 615 3957 Sit
634 3898 694 3970 regi
713 3898 789 3956 trino
812 3899 912 3971 gloria,

570 3984 656 4060 Laus,
681 3983 768 4042 decus
790 3989 819 4042 et
840 3983 1000 4060 imperinm,

568 4069 623 4140 Qui
644 4070 775 4128 Marcum
797 4069 835 4127 ad
858 4069 993 4127 coelestia

569 4155 709 4213 Perduxit
730 4159 795 4227 post
817 4155 996 4228 martyrium.

229 4270 310 4319 Paalt
334 4287 382 4321 ms.
399 4271 529 4322 Oculense
552 4287 620 4321 saec.
649 4268 687 4323 14.
707 4270 770 4322 cod.
788 4271 865 4321 Arch.
884 4272 944 4322 Nat.
962 4273 1095 4321 Matriton.
1114 4273 1144 4321 B.
1162 4268 1237 4322 3-4.
1255 4272 1287 4321 Α.
1309 4299 1339 4305 -

162 4339 237 4387 Brov.
256 4339 318 4389 Ord.
337 4340 363 4390 S.
381 4340 477 4390 Jacobi
495 4340 526 4389 de
545 4339 627 4405 Spata
645 4342 708 4406 imp.
727 4342 845 4407 Legione
865 4336 938 4391 1532.
957 4340 986 4388 B.
