2918 4868
626 265 859 332 ,140-

545 487 603 544 228.
642 487 679 543 [le
697 487 793 544 sancto
812 483 956 542 Gabriele.

653 625 684 678 ln
701 624 846 679 Laudibus.

152 793 181 855 1.
204 790 309 851 Cootm
330 786 438 864 gaudet
459 787 623 845 coelestium

204 876 349 936 Gabrielis
371 873 524 944 consortio,

205 962 330 1020 Plaudat
351 966 380 1019 et
401 959 484 1032 plebs
506 957 633 1016 fidelium

201 1047 345 1120 adsitque
363 1045 507 1117 jubilatio.

152 1171 180 1228 2.
205 1167 302 1240 ipsum
326 1166 409 1225 decet
430 1165 604 1240 solemnitas,

204 1253 313 1323 Houor,
336 1251 398 1309 laus
421 1256 448 1307 et
470 1249 646 1322 obsequium,

208 1339 263 1396 Per
285 1353 367 1410 quem
390 1343 488 1393 nostra
510 1334 658 1393 calamitas

206 1423 318 1482 Celsum
342 1422 420 1495 capit
441 1421 601 1494 imperium.

152 1546 181 1604 3.
204 1543 268 1601 Hoc
290 1542 445 1599 nunciante
467 1541 547 1615 regia

205 1628 296 1701 Virgo
320 1627 449 1699 concepit
468 1625 567 1693 tilium,

207 1714 268 1784 Quo
290 1711 466 1770 infernorum
490 1709 565 1770 furia

206 1798 324 1858 Grande
346 1797 444 1856 suffert
467 1797 594 1858 exitium.

154 1921 184 1978 4.
207 1917 305 1977 Sancti
328 1924 489 1976 sanctorum
512 1919 609 1976 unctio

208 2003 311 2064 Verbis
334 2003 415 2061 istius
438 2003 573 2076 noscitur,

206 2090 367 2151 Jerusalem
388 2088 536 2148 subversio

208 2175 248 2233 Et
269 2175 405 2235 reductus
427 2175 605 2248 proponitur.

770 789 799 846 5.
821 786 1032 845 Antichristum
1054 801 1111 843 nou
1133 784 1223 843 tacuit

821 872 875 930 His
898 879 1056 942 venturum,
1080 871 1135 944 qui
1149 869 1244 928 omnia

824 957 963 1034 vastabit,
987 958 1061 1014 sicut
1081 956 1175 1029 patuit

821 1043 969 1115 drunjus
991 1042 1160 1116 eloquentia.

771 1164 799 1221 6.
823 1163 999 1221 Laudandus
1022 1170 1065 1219 est
1086 1161 1134 1218 hic
1155 1161 1279 1228 nuntiuS,

823 1249 880 1306 Per
902 1264 984 1321 quem
1006 1255 1104 1306 nostra
1125 1247 1245 1304 salvatio

823 1335 945 1394 Carnem
967 1334 1052 1391 sumit
1076 1333 1242 1391 clementius

824 1418 905 1478 Sacri
929 1420 986 1479 alvi
1009 1419 1126 1492 palatio.

772 1540 799 1599 7.
823 1539 985 1599 Laudemus
1008 1555 1076 1610 ergo
1099 1539 1212 1612 dignius

823 1624 908 1684 Hunc
929 1626 1064 1702 legatum,
1087 1631 1119 1682 ut
1139 1624 1238 1682 audiat

826 1710 947 1769 Nostras
969 1727 1070 1785 preces
1093 1709 1229 1769 attentius

824 1797 864 1855 Et
885 1797 1010 1856 intentos
1032 1813 1083 1855 uos
1106 1794 1203 1853 iaciat.

772 1919 801 1979 8.
824 1917 928 1976 Manus
951 1923 1053 1975 vacent
1071 1916 1200 1988 justitiae

824 2002 872 2062 Ad
895 2002 1009 2061 laudem
1028 2002 1100 2060 tanti
1123 2000 1223 2077 nuntii,

826 2089 918 2146 Pedes
941 2095 1077 2164 regantur
1098 2087 1202 2157 sobrie,

825 2173 931 2234 Sensus
952 2175 991 2232 sit
1012 2175 1113 2247 culpae
1136 2173 1257 2232 nescius.

518 2298 547 2355 9.
570 2295 647 2353 Laus
669 2294 732 2352 Deo
755 2294 793 2353 sit
815 2301 844 2352 et
865 2295 966 2368 gloria.

227 2431 303 2479 Brev.
328 2446 374 2479 ms.
394 2431 589 2480 Barcinoneuse
612 2445 680 2480 saec.
703 2427 741 2479 15.
760 2430 823 2480 Cod.
842 2429 927 2496 Capit.
948 2431 1040 2480 Vican.
1059 2431 1127 2481 clx.
1153 2431 1182 2479 Α.
1202 2455 1234 2462 -
1262 2429 1338 2477 Brem

159 2498 356 2548 Tarraconense
378 2499 440 2562 imp.
462 2499 626 2548 llareinonae
653 2495 726 2547 1484.
746 2500 774 2549 B.
794 2524 827 2533 —
846 2499 921 2548 Brev.
940 2499 1114 2563 Majoricensa
1134 2501 1195 2564 imp.
1214 2499 1334 2547 Veneriis

162 2564 235 2617 1506.
253 2570 282 2617 C.
301 2593 334 2600 -
353 2569 428 2616 ilrev.
448 2567 605 2616 Celaoneuse
624 2569 686 2632 imp.
706 2568 933 2633 Caesaraugustae
953 2565 1027 2617 1514.
1046 2569 1078 2618 D.
1097 2595 1130 2604 —
1151 2569 1227 2617 Brav.
1248 2569 1335 2616 Barci-

156 2651 273 2685 nonense
299 2637 359 2699 imp.
379 2637 541 2684 Barciuouae
563 2633 634 2685 1⁵40.
652 2636 684 2684 E.
702 2664 737 2672 —
755 2637 832 2686 Brav.
850 2635 994 2686 illerdense
1018 2639 1079 2702 imp.
1101 2653 1140 2686 cu.
1161 2632 1233 2686 1533.
1255 2637 1283 2685 F.
1304 2665 1333 2670 —-

156 2701 208 2752 Str.
226 2701 251 2764 4,
270 2702 286 2752 5
305 2704 357 2752 und
374 2701 390 2752 6
408 2703 495 2752 fehletr
514 2705 542 2752 F.
563 2730 594 2739 -
612 2702 635 2764 5,
658 2702 669 2753 l
688 2703 755 2754 Anto
768 2705 900 2755 Christum
920 2705 997 2754 Arre.
1016 2734 1049 2740 -
1067 2702 1091 2765 8,
1112 2703 1123 2753 1
1146 2711 1234 2754 tractet
1252 2709 1282 2754 Α.

535 2954 596 3010 229.
632 2955 670 3011 lle
688 2957 786 3013 sancto
804 2954 946 3014 Gabriele.

632 3092 675 3145 Ad
693 3093 834 3163 Vesperas.

158 3253 187 3312 1.
211 3250 318 3309 Summi
341 3251 416 3324 regis
439 3253 651 3327 paranymphus

253 3353 305 3409 per
328 3336 426 3395 orbem
450 3341 594 3408 recolitur,

209 3424 263 3495 Qui
285 3422 399 3480 sublimi
421 3439 456 3481 ex
477 3424 600 3499 Olympo

252 3508 290 3566 ad
314 3509 451 3580 virginem
472 3511 603 3582 mittitur,
664 3533 671 3546 ·

211 3595 298 3665 CuJus
320 3594 385 3652 alvo
408 3603 573 3654 consecrata

255 3679 370 3736 verbum
394 3696 461 3737 curo
483 3679 614 3741 eflicitur.

769 3261 798 3316 2.
821 3257 909 3314 Totus
934 3255 1044 3330 fulgens
1065 3266 1093 3316 et
1116 3259 1235 3316 decorus

865 3345 982 3416 exponit
1004 3346 1178 3418 mysterium,

821 3429 997 3501 Expavesoit
1018 3431 1098 3502 virgo
1120 3431 1225 3501 sacra,⁸

865 3516 931 3574 dum
954 3517 1036 3575 audit.
1055 3519 1211 3588 oraculum,

822 3601 911 3672 Quam
934 3602 1098 3675 archangeli
1120 3603 1236 3677 superni

866 3687 1015 3746 confirmat.
1036 3690 1201 3762 alloquium.

519 3807 547 3862 3.
572 3803 672 3863 Gloria
695 3811 724 3863 et
745 3806 835 3865 honor
857 3808 919 3867 Deo

608 3907 753 3965 usquequo
776 3893 923 3971 altissimo,

567 3976 630 4034 Una
651 3979 726 4048 patri
750 3977 864 4051 filioque

609 4063 754 4134 paracleto
775 4064 883 4133 inclito,

568 4146 618 4204 Cui
640 4148 702 4206 laus
725 4155 769 4206 est
792 4154 820 4206 et
842 4158 968 4223 potestas

610 4249 662 4305 per
684 4236 820 4294 immensa
841 4238 965 4296 saecula.

229 4365 304 4413 llrev.
323 4364 455 4414 Abulenoe
477 4367 537 4432 imp.
557 4368 733 4419 Salnrrmtieao
754 4368 827 4420 1551.
