<?xml version="1.0" encoding="UTF-8"?>
<!DOCTYPE html PUBLIC "-//W3C//DTD XHTML 1.0 Transitional//EN"
    "http://www.w3.org/TR/xhtml1/DTD/xhtml1-transitional.dtd">
<html xmlns="http://www.w3.org/1999/xhtml" xml:lang="en" lang="en">
 <head>
  <title>
</title>
<meta http-equiv="Content-Type" content="text/html;charset=utf-8" />
  <meta name='ocr-system' content='tesseract 3.04.00' />
  <meta name='ocr-capabilities' content='ocr_page ocr_carea ocr_par ocr_line ocrx_word'/>
</head>
<body>
  <div class='ocr_page' id='page_1' title='image "./hymnodiahiberic00drevgoog_0219.png"; bbox 0 0 2918 4868; ppageno 0'>
   <div class='ocr_carea' id='block_1_1' title="bbox 622 237 853 302">
    <p class='ocr_par' dir='ltr' id='par_1_1' title="bbox 622 237 853 302">
     <span class='ocr_line' id='line_1_1' title="bbox 622 237 853 302; baseline -0.004 -1"><span class='ocrx_word' id='word_1_1' title='bbox 622 237 853 302; x_wconf 82' lang='lat'>—212-</span> 
     </span>
    </p>
   </div>
   <div class='ocr_carea' id='block_1_2' title="bbox 510 439 954 615">
    <p class='ocr_par' dir='ltr' id='par_1_2' title="bbox 510 439 954 615">
     <span class='ocr_line' id='line_1_2' title="bbox 510 439 954 512; baseline -0.007 -15"><span class='ocrx_word' id='word_1_2' title='bbox 510 440 570 497; x_wconf 82' lang='grc'><strong>368.</strong></span> <span class='ocrx_word' id='word_1_3' title='bbox 606 439 645 496; x_wconf 82' lang='lat' dir='ltr'><strong>De</strong></span> <span class='ocrx_word' id='word_1_4' title='bbox 663 442 764 496; x_wconf 84' lang='lat' dir='ltr'><strong>sancta</strong></span> <span class='ocrx_word' id='word_1_5' title='bbox 782 439 954 512; x_wconf 74' lang='lat' dir='ltr'><strong>Margareta.</strong></span> 
     </span>
     <span class='ocr_line' id='line_1_3' title="bbox 649 559 825 615; baseline 0.006 -2"><span class='ocrx_word' id='word_1_6' title='bbox 649 559 692 613; x_wconf 86' lang='lat' dir='ltr'><strong>Ad</strong></span> <span class='ocrx_word' id='word_1_7' title='bbox 711 559 825 615; x_wconf 78' lang='lat' dir='ltr'><strong>Laudes.</strong></span> 
     </span>
    </p>
   </div>
   <div class='ocr_carea' id='block_1_3' title="bbox 153 683 1259 1016">
    <p class='ocr_par' dir='ltr' id='par_1_3' title="bbox 153 683 1259 1016">
     <span class='ocr_line' id='line_1_4' title="bbox 153 683 1242 759; baseline -0.004 -14"><span class='ocrx_word' id='word_1_8' title='bbox 153 687 180 745; x_wconf 89' lang='lat'><strong>1.</strong></span> <span class='ocrx_word' id='word_1_9' title='bbox 204 685 292 757; x_wconf 87' lang='lat' dir='ltr'><strong>Cujus</strong></span> <span class='ocrx_word' id='word_1_10' title='bbox 314 683 444 744; x_wconf 87' lang='lat' dir='ltr'><strong>membra</strong></span> <span class='ocrx_word' id='word_1_11' title='bbox 466 685 660 758; x_wconf 86' lang='lat' dir='ltr'><strong>pulcherrima</strong></span> <span class='ocrx_word' id='word_1_12' title='bbox 769 688 799 746; x_wconf 88' lang='grc'><strong>3.</strong></span> <span class='ocrx_word' id='word_1_13' title='bbox 823 685 888 743; x_wconf 90' lang='lat' dir='ltr'><strong>Non</strong></span> <span class='ocrx_word' id='word_1_14' title='bbox 910 687 985 744; x_wconf 91' lang='lat' dir='ltr'><strong>enim</strong></span> <span class='ocrx_word' id='word_1_15' title='bbox 1008 692 1103 759; x_wconf 88' lang='lat' dir='ltr'><strong>potest</strong></span> <span class='ocrx_word' id='word_1_16' title='bbox 1125 700 1242 743; x_wconf 86' lang='lat' dir='ltr'><strong>cernere</strong></span> 
     </span>
     <span class='ocr_line' id='line_1_5' title="bbox 204 770 1212 844; baseline -0.002 -15"><span class='ocrx_word' id='word_1_17' title='bbox 204 771 274 829; x_wconf 82' lang='lat' dir='ltr'><strong>Alto</strong></span> <span class='ocrx_word' id='word_1_18' title='bbox 300 770 428 844; x_wconf 88' lang='lat' dir='ltr'><strong>pendent</strong></span> <span class='ocrx_word' id='word_1_19' title='bbox 448 771 477 827; x_wconf 94' lang='lat' dir='ltr'><strong>in</strong></span> <span class='ocrx_word' id='word_1_20' title='bbox 500 787 575 843; x_wconf 87' lang='lat' dir='ltr'><strong>aere,</strong></span> <span class='ocrx_word' id='word_1_21' title='bbox 821 770 955 829; x_wconf 85' lang='lat' dir='ltr'><strong>Dolorem</strong></span> <span class='ocrx_word' id='word_1_22' title='bbox 977 771 1061 842; x_wconf 88' lang='lat' dir='ltr'><strong>hujus</strong></span> <span class='ocrx_word' id='word_1_23' title='bbox 1084 771 1212 844; x_wconf 82' lang='lat' dir='ltr'><strong>virginis,</strong></span> 
     </span>
     <span class='ocr_line' id='line_1_6' title="bbox 208 855 1250 934; baseline -0.001 -20"><span class='ocrx_word' id='word_1_24' title='bbox 208 855 248 914; x_wconf 86' lang='lat' dir='ltr'><strong>Et</strong></span> <span class='ocrx_word' id='word_1_25' title='bbox 269 863 337 914; x_wconf 92' lang='lat' dir='ltr'><strong>tunc</strong></span> <span class='ocrx_word' id='word_1_26' title='bbox 359 872 458 915; x_wconf 88' lang='lat' dir='ltr'><strong>manus</strong></span> <span class='ocrx_word' id='word_1_27' title='bbox 481 857 653 929; x_wconf 84' lang='lat' dir='ltr'><strong>nequissima</strong></span> <span class='ocrx_word' id='word_1_28' title='bbox 822 855 861 914; x_wconf 87' lang='lat' dir='ltr'><strong>Et</strong></span> <span class='ocrx_word' id='word_1_29' title='bbox 883 857 1027 929; x_wconf 86' lang='lat' dir='ltr'><strong>quianon</strong></span> <span class='ocrx_word' id='word_1_30' title='bbox 1052 857 1113 914; x_wconf 86' lang='lat' dir='ltr'><strong>vnit</strong></span> <span class='ocrx_word' id='word_1_31' title='bbox 1134 856 1250 934; x_wconf 84' lang='lat' dir='ltr'><strong>nubere,</strong></span> 
     </span>
     <span class='ocr_line' id='line_1_7' title="bbox 211 941 1259 1016; baseline 0.002 -17"><span class='ocrx_word' id='word_1_32' title='bbox 211 941 354 1015; x_wconf 80' lang='lat' dir='ltr'><strong>Flagellat</strong></span> <span class='ocrx_word' id='word_1_33' title='bbox 376 943 449 1000; x_wconf 89' lang='lat' dir='ltr'><strong>hanc</strong></span> <span class='ocrx_word' id='word_1_34' title='bbox 471 942 500 1000; x_wconf 90' lang='lat' dir='ltr'><strong>in</strong></span> <span class='ocrx_word' id='word_1_35' title='bbox 522 958 652 1016; x_wconf 86' lang='lat' dir='ltr'><strong>corpore.</strong></span> <span class='ocrx_word' id='word_1_36' title='bbox 822 941 967 1000; x_wconf 82' lang='lat' dir='ltr'><strong>Mactatur</strong></span> <span class='ocrx_word' id='word_1_37' title='bbox 989 958 1093 1014; x_wconf 90' lang='lat' dir='ltr'><strong>corpus</strong></span> <span class='ocrx_word' id='word_1_38' title='bbox 1115 943 1259 1015; x_wconf 86' lang='lat' dir='ltr'><strong>martyris.</strong></span> 
     </span>
    </p>
   </div>
   <div class='ocr_carea' id='block_1_4' title="bbox 158 1043 1303 1374">
    <p class='ocr_par' dir='ltr' id='par_1_4' title="bbox 158 1043 1303 1374">
     <span class='ocr_line' id='line_1_8' title="bbox 158 1043 1205 1117; baseline -0.004 -13"><span class='ocrx_word' id='word_1_39' title='bbox 158 1048 187 1104; x_wconf 86' lang='lat'><strong>2.</strong></span> <span class='ocrx_word' id='word_1_40' title='bbox 211 1043 332 1117; x_wconf 79' lang='lat' dir='ltr'><strong>Sanguis</strong></span> <span class='ocrx_word' id='word_1_41' title='bbox 354 1045 415 1116; x_wconf 87' lang='lat' dir='ltr'><strong>ejus</strong></span> <span class='ocrx_word' id='word_1_42' title='bbox 433 1045 564 1102; x_wconf 81' lang='lat' dir='ltr'><strong>innoxius</strong></span> <span class='ocrx_word' id='word_1_43' title='bbox 770 1048 799 1105; x_wconf 88' lang='grc'><strong>4.</strong></span> <span class='ocrx_word' id='word_1_44' title='bbox 823 1045 951 1114; x_wconf 84' lang='lat' dir='ltr'><strong>Praesta,</strong></span> <span class='ocrx_word' id='word_1_45' title='bbox 975 1049 1059 1116; x_wconf 89' lang='lat' dir='ltr'><strong>pater</strong></span> <span class='ocrx_word' id='word_1_46' title='bbox 1078 1043 1205 1116; x_wconf 90' lang='lat' dir='ltr'><strong>piissimo</strong></span> 
     </span>
     <span class='ocr_line' id='line_1_9' title="bbox 209 1128 1213 1203; baseline -0.001 -16"><span class='ocrx_word' id='word_1_47' title='bbox 209 1130 265 1188; x_wconf 89' lang='lat' dir='ltr'><strong>Per</strong></span> <span class='ocrx_word' id='word_1_48' title='bbox 286 1135 393 1187; x_wconf 89' lang='lat' dir='ltr'><strong>terram</strong></span> <span class='ocrx_word' id='word_1_49' title='bbox 415 1130 490 1187; x_wconf 90' lang='lat' dir='ltr'><strong>male</strong></span> <span class='ocrx_word' id='word_1_50' title='bbox 512 1128 652 1201; x_wconf 83' lang='lat' dir='ltr'><strong>funditur,</strong></span> <span class='ocrx_word' id='word_1_51' title='bbox 827 1130 961 1203; x_wconf 82' lang='lat' dir='ltr'>Patrique</span> <span class='ocrx_word' id='word_1_52' title='bbox 983 1146 1100 1202; x_wconf 91' lang='lat' dir='ltr'><strong>compar</strong></span> <span class='ocrx_word' id='word_1_53' title='bbox 1122 1131 1213 1201; x_wconf 81' lang='lat' dir='ltr'><strong>unice,</strong></span> 
     </span>
     <span class='ocr_line' id='line_1_10' title="bbox 208 1212 1182 1290; baseline 0.001 -17"><span class='ocrx_word' id='word_1_54' title='bbox 208 1214 248 1273; x_wconf 87' lang='lat' dir='ltr'><strong>Et</strong></span> <span class='ocrx_word' id='word_1_55' title='bbox 269 1212 433 1287; x_wconf 77' lang='lat' dir='ltr'><strong>praefectus</strong></span> <span class='ocrx_word' id='word_1_56' title='bbox 455 1214 591 1290; x_wconf 84' lang='lat' dir='ltr'>Olybrius</span> <span class='ocrx_word' id='word_1_57' title='bbox 823 1217 894 1275; x_wconf 87' lang='lat' dir='ltr'><strong>Cum</strong></span> <span class='ocrx_word' id='word_1_58' title='bbox 915 1215 1019 1287; x_wconf 87' lang='lat' dir='ltr'><strong>spiritu</strong></span> <span class='ocrx_word' id='word_1_59' title='bbox 1041 1216 1182 1288; x_wconf 76' lang='lat' dir='ltr'><strong>paraclito</strong></span> 
     </span>
     <span class='ocr_line' id='line_1_11' title="bbox 206 1300 1303 1374; baseline 0.004 -17"><span class='ocrx_word' id='word_1_60' title='bbox 206 1300 239 1357; x_wconf 89' lang='lat' dir='ltr'><strong>In</strong></span> <span class='ocrx_word' id='word_1_61' title='bbox 263 1301 342 1358; x_wconf 88' lang='lat' dir='ltr'><strong>vultu</strong></span> <span class='ocrx_word' id='word_1_62' title='bbox 364 1300 467 1373; x_wconf 90' lang='lat' dir='ltr'><strong>pannis</strong></span> <span class='ocrx_word' id='word_1_63' title='bbox 489 1301 603 1374; x_wconf 80' lang='lat' dir='ltr'><strong>tegitur.</strong></span> <span class='ocrx_word' id='word_1_64' title='bbox 820 1301 953 1373; x_wconf 77' lang='lat' dir='ltr'><strong>Regnans</strong></span> <span class='ocrx_word' id='word_1_65' title='bbox 976 1316 1028 1372; x_wconf 87' lang='lat' dir='ltr'><strong>per</strong></span> <span class='ocrx_word' id='word_1_66' title='bbox 1050 1317 1133 1358; x_wconf 89' lang='lat' dir='ltr'><strong>omne</strong></span> <span class='ocrx_word' id='word_1_67' title='bbox 1152 1303 1303 1361; x_wconf 80' lang='lat' dir='ltr'><strong>saeculnm.</strong></span> 
     </span>
    </p>
   </div>
   <div class='ocr_carea' id='block_1_5' title="bbox 152 1414 1335 1757">
    <p class='ocr_par' dir='ltr' id='par_1_5' title="bbox 152 1414 1335 1757">
     <span class='ocr_line' id='line_1_12' title="bbox 224 1414 1334 1480; baseline 0.001 -13"><span class='ocrx_word' id='word_1_68' title='bbox 224 1418 300 1467; x_wconf 85' lang='lat' dir='ltr'><strong>Brev.</strong></span> <span class='ocrx_word' id='word_1_69' title='bbox 324 1434 371 1466; x_wconf 84' lang='lat' dir='ltr'><strong>ms.</strong></span> <span class='ocrx_word' id='word_1_70' title='bbox 389 1417 534 1468; x_wconf 86' lang='lat' dir='ltr'><strong>Illerdensc</strong></span> <span class='ocrx_word' id='word_1_71' title='bbox 558 1433 625 1468; x_wconf 86' lang='lat' dir='ltr'><strong>saec.</strong></span> <span class='ocrx_word' id='word_1_72' title='bbox 647 1414 685 1468; x_wconf 85' lang='lat'><strong>14.</strong></span> <span class='ocrx_word' id='word_1_73' title='bbox 705 1417 766 1467; x_wconf 88' lang='lat' dir='ltr'><strong>Cod.</strong></span> <span class='ocrx_word' id='word_1_74' title='bbox 786 1418 872 1480; x_wconf 81' lang='lat' dir='ltr'><strong>Capit</strong></span> <span class='ocrx_word' id='word_1_75' title='bbox 890 1418 1011 1468; x_wconf 89' lang='lat' dir='ltr'><strong>Illerden.</strong></span> <span class='ocrx_word' id='word_1_76' title='bbox 1033 1414 1071 1467; x_wconf 82' lang='lat'><strong>12.</strong></span> <span class='ocrx_word' id='word_1_77' title='bbox 1090 1419 1120 1468; x_wconf 80' lang='grc' dir='ltr'><strong>Α.</strong></span> <span class='ocrx_word' id='word_1_78' title='bbox 1140 1449 1171 1455; x_wconf 90' lang='grc'>-</span> <span class='ocrx_word' id='word_1_79' title='bbox 1191 1422 1266 1470; x_wconf 87' lang='lat' dir='ltr'><strong>Brev.</strong></span> <span class='ocrx_word' id='word_1_80' title='bbox 1286 1436 1334 1469; x_wconf 89' lang='lat' dir='ltr'><strong>ms.</strong></span> 
     </span>
     <span class='ocr_line' id='line_1_13' title="bbox 153 1482 1333 1554; baseline 0.002 -20"><span class='ocrx_word' id='word_1_81' title='bbox 153 1485 297 1535; x_wconf 84' lang='lat' dir='ltr'><strong>Illerdense</strong></span> <span class='ocrx_word' id='word_1_82' title='bbox 320 1489 382 1536; x_wconf 88' lang='lat' dir='ltr'><strong>anni</strong></span> <span class='ocrx_word' id='word_1_83' title='bbox 409 1482 482 1536; x_wconf 89' lang='grc'><strong>1451.</strong></span> <span class='ocrx_word' id='word_1_84' title='bbox 502 1487 564 1536; x_wconf 89' lang='lat' dir='ltr'><strong>Cod.</strong></span> <span class='ocrx_word' id='word_1_85' title='bbox 584 1486 668 1551; x_wconf 82' lang='lat' dir='ltr'><strong>Capit.</strong></span> <span class='ocrx_word' id='word_1_86' title='bbox 686 1487 809 1537; x_wconf 81' lang='lat' dir='ltr'><strong>llierden.</strong></span> <span class='ocrx_word' id='word_1_87' title='bbox 832 1503 852 1534; x_wconf 89' lang='lat' dir='ltr'><strong>s.</strong></span> <span class='ocrx_word' id='word_1_88' title='bbox 871 1503 896 1535; x_wconf 92' lang='lat' dir='ltr'><strong>n.</strong></span> <span class='ocrx_word' id='word_1_89' title='bbox 915 1487 943 1536; x_wconf 88' lang='lat' dir='ltr'><strong>B.</strong></span> <span class='ocrx_word' id='word_1_90' title='bbox 965 1515 994 1522; x_wconf 88' lang='lat'><em>-</em></span> <span class='ocrx_word' id='word_1_91' title='bbox 1016 1487 1093 1536; x_wconf 89' lang='lat' dir='ltr'><strong>Brev.</strong></span> <span class='ocrx_word' id='word_1_92' title='bbox 1111 1488 1254 1539; x_wconf 82' lang='lat' dir='ltr'><strong>illerdensc</strong></span> <span class='ocrx_word' id='word_1_93' title='bbox 1271 1490 1333 1554; x_wconf 85' lang='lat' dir='ltr'><strong>imp.</strong></span> 
     </span>
     <span class='ocr_line' id='line_1_14' title="bbox 153 1550 1335 1623; baseline 0.004 -21"><span class='ocrx_word' id='word_1_94' title='bbox 153 1552 268 1603; x_wconf 84' lang='lat' dir='ltr'><strong>Illerdae</strong></span> <span class='ocrx_word' id='word_1_95' title='bbox 290 1550 362 1604; x_wconf 81' lang='lat'><strong>1479.</strong></span> <span class='ocrx_word' id='word_1_96' title='bbox 383 1553 411 1603; x_wconf 86' lang='lat' dir='ltr'><strong>C.</strong></span> <span class='ocrx_word' id='word_1_97' title='bbox 430 1581 459 1589; x_wconf 95' lang='lat'><em>-</em></span> <span class='ocrx_word' id='word_1_98' title='bbox 480 1555 557 1605; x_wconf 88' lang='lat' dir='ltr'><strong>Brev.</strong></span> <span class='ocrx_word' id='word_1_99' title='bbox 576 1555 720 1606; x_wconf 84' lang='lat' dir='ltr'><strong>illerdenao</strong></span> <span class='ocrx_word' id='word_1_100' title='bbox 737 1557 799 1619; x_wconf 87' lang='lat' dir='ltr'><strong>imp.</strong></span> <span class='ocrx_word' id='word_1_101' title='bbox 817 1570 856 1605; x_wconf 89' lang='lat' dir='ltr'><strong>ca.</strong></span> <span class='ocrx_word' id='word_1_102' title='bbox 868 1551 941 1606; x_wconf 83' lang='lat'><strong>1533.</strong></span> <span class='ocrx_word' id='word_1_103' title='bbox 960 1557 992 1605; x_wconf 91' lang='grc' dir='ltr'><strong>Ι).</strong></span> <span class='ocrx_word' id='word_1_104' title='bbox 1013 1582 1041 1590; x_wconf 90' lang='grc'><strong>-</strong></span> <span class='ocrx_word' id='word_1_105' title='bbox 1064 1552 1088 1619; x_wconf 83' lang='grc'><strong>2,</strong></span> <span class='ocrx_word' id='word_1_106' title='bbox 1107 1552 1173 1607; x_wconf 84' lang='lat' dir='ltr'><strong>8Ut</strong></span> <span class='ocrx_word' id='word_1_107' title='bbox 1189 1558 1335 1623; x_wconf 79' lang='lat' dir='ltr'><strong>praefectus</strong></span> 
     </span>
     <span class='ocr_line' id='line_1_15' title="bbox 153 1619 1335 1689; baseline 0.001 -16"><span class='ocrx_word' id='word_1_108' title='bbox 153 1621 208 1673; x_wconf 88' lang='lat' dir='ltr'><strong>CD.</strong></span> <span class='ocrx_word' id='word_1_109' title='bbox 233 1647 267 1657; x_wconf 94' lang='lat'><em>-</em></span> <span class='ocrx_word' id='word_1_110' title='bbox 292 1619 316 1682; x_wconf 80' lang='grc'><strong>3,</strong></span> <span class='ocrx_word' id='word_1_111' title='bbox 341 1619 358 1672; x_wconf 84' lang='grc'><strong>4</strong></span> <span class='ocrx_word' id='word_1_112' title='bbox 382 1638 477 1688; x_wconf 89' lang='lat' dir='ltr'><strong>corpus</strong></span> <span class='ocrx_word' id='word_1_113' title='bbox 498 1624 610 1689; x_wconf 82' lang='lat' dir='ltr'><strong>virginis</strong></span> <span class='ocrx_word' id='word_1_114' title='bbox 628 1623 656 1674; x_wconf 84' lang='lat' dir='ltr'><strong>C.</strong></span> <span class='ocrx_word' id='word_1_115' title='bbox 679 1649 711 1658; x_wconf 89' lang='lat'>—</span> <span class='ocrx_word' id='word_1_116' title='bbox 736 1625 792 1674; x_wconf 82' lang='lat' dir='ltr'><strong>Das</strong></span> <span class='ocrx_word' id='word_1_117' title='bbox 810 1625 875 1674; x_wconf 88' lang='lat' dir='ltr'><strong>Lied</strong></span> <span class='ocrx_word' id='word_1_118' title='bbox 894 1623 1206 1676; x_wconf 73' lang='lat' dir='ltr'><strong>istsolbstvarstindlich</strong></span> <span class='ocrx_word' id='word_1_119' title='bbox 1224 1628 1335 1676; x_wconf 83' lang='lat' dir='ltr'><strong>nuncin</strong></span> 
     </span>
     <span class='ocr_line' id='line_1_16' title="bbox 152 1690 410 1757; baseline 0.008 -17"><span class='ocrx_word' id='word_1_120' title='bbox 152 1690 211 1740; x_wconf 82' lang='lat' dir='ltr'><strong>Teil</strong></span> <span class='ocrx_word' id='word_1_121' title='bbox 229 1690 275 1741; x_wconf 83' lang='lat' dir='ltr'><strong>dea</strong></span> <span class='ocrx_word' id='word_1_122' title='bbox 292 1693 410 1757; x_wconf 77' lang='lat' dir='ltr'><strong>rotigen.</strong></span> 
     </span>
    </p>
   </div>
   <div class='ocr_carea' id='block_1_6' title="bbox 497 1906 979 2101">
    <p class='ocr_par' dir='ltr' id='par_1_6' title="bbox 497 1906 979 2101">
     <span class='ocr_line' id='line_1_17' title="bbox 497 1906 979 1982; baseline -0.002 -16"><span class='ocrx_word' id='word_1_123' title='bbox 497 1909 557 1967; x_wconf 79' lang='grc'><strong>3119.</strong></span> <span class='ocrx_word' id='word_1_124' title='bbox 593 1909 631 1967; x_wconf 75' lang='lat' dir='ltr'><strong>iio</strong></span> <span class='ocrx_word' id='word_1_125' title='bbox 648 1925 671 1967; x_wconf 90' lang='lat' dir='ltr'><strong>s.</strong></span> <span class='ocrx_word' id='word_1_126' title='bbox 690 1909 780 1967; x_wconf 83' lang='lat' dir='ltr'><strong>iiaria</strong></span> <span class='ocrx_word' id='word_1_127' title='bbox 797 1906 979 1982; x_wconf 75' lang='lat' dir='ltr'><strong>Aegyptiace.</strong></span> 
     </span>
     <span class='ocr_line' id='line_1_18' title="bbox 604 2030 881 2101; baseline -0.014 -14"><span class='ocrx_word' id='word_1_128' title='bbox 604 2033 635 2087; x_wconf 93' lang='lat' dir='ltr'><strong>ln</strong></span> <span class='ocrx_word' id='word_1_129' title='bbox 655 2032 735 2101; x_wconf 89' lang='lat' dir='ltr'><strong>Vesp.</strong></span> <span class='ocrx_word' id='word_1_130' title='bbox 753 2038 780 2086; x_wconf 84' lang='lat' dir='ltr'><strong>et</strong></span> <span class='ocrx_word' id='word_1_131' title='bbox 797 2030 881 2085; x_wconf 86' lang='lat' dir='ltr'><strong>Laud.</strong></span> 
     </span>
    </p>
   </div>
   <div class='ocr_carea' id='block_1_7' title="bbox 159 2152 1228 2485">
    <p class='ocr_par' dir='ltr' id='par_1_7' title="bbox 159 2152 1228 2485">
     <span class='ocr_line' id='line_1_19' title="bbox 159 2152 1206 2228; baseline 0.003 -15"><span class='ocrx_word' id='word_1_132' title='bbox 159 2155 187 2214; x_wconf 89' lang='lat'><strong>1.</strong></span> <span class='ocrx_word' id='word_1_133' title='bbox 210 2152 306 2211; x_wconf 87' lang='lat' dir='ltr'><strong>Maria</strong></span> <span class='ocrx_word' id='word_1_134' title='bbox 327 2155 515 2227; x_wconf 78' lang='lat' dir='ltr'><strong>Aegyptiace,</strong></span> <span class='ocrx_word' id='word_1_135' title='bbox 773 2158 802 2218; x_wconf 88' lang='lat'><strong>3.</strong></span> <span class='ocrx_word' id='word_1_136' title='bbox 827 2156 988 2214; x_wconf 85' lang='lat' dir='ltr'><strong>Attendens</strong></span> <span class='ocrx_word' id='word_1_137' title='bbox 1011 2156 1206 2228; x_wconf 88' lang='lat' dir='ltr'><strong>solertissima,</strong></span> 
     </span>
     <span class='ocr_line' id='line_1_20' title="bbox 211 2240 1228 2317; baseline 0.007 -22"><span class='ocrx_word' id='word_1_138' title='bbox 211 2240 289 2312; x_wconf 73' lang='lat' dir='ltr'><strong>Quae</strong></span> <span class='ocrx_word' id='word_1_139' title='bbox 309 2246 352 2298; x_wconf 93' lang='lat' dir='ltr'><strong>tot</strong></span> <span class='ocrx_word' id='word_1_140' title='bbox 374 2242 513 2298; x_wconf 86' lang='lat' dir='ltr'><strong>commisit</strong></span> <span class='ocrx_word' id='word_1_141' title='bbox 538 2241 653 2312; x_wconf 87' lang='lat' dir='ltr'><strong>delicta,</strong></span> <span class='ocrx_word' id='word_1_142' title='bbox 825 2242 873 2300; x_wconf 80' lang='lat' dir='ltr'><strong>nd</strong></span> <span class='ocrx_word' id='word_1_143' title='bbox 897 2247 1077 2314; x_wconf 89' lang='lat' dir='ltr'><strong>pcccatorum</strong></span> <span class='ocrx_word' id='word_1_144' title='bbox 1101 2243 1228 2317; x_wconf 84' lang='lat' dir='ltr'><strong>vulnera,</strong></span> 
     </span>
     <span class='ocr_line' id='line_1_21' title="bbox 212 2324 1181 2400; baseline 0.005 -18"><span class='ocrx_word' id='word_1_145' title='bbox 212 2324 265 2382; x_wconf 84' lang='lat' dir='ltr'><strong>Dei</strong></span> <span class='ocrx_word' id='word_1_146' title='bbox 290 2341 444 2398; x_wconf 87' lang='lat' dir='ltr'><strong>conspersa</strong></span> <span class='ocrx_word' id='word_1_147' title='bbox 465 2327 558 2399; x_wconf 79' lang='lat' dir='ltr'><strong>gratia</strong></span> <span class='ocrx_word' id='word_1_148' title='bbox 826 2327 916 2385; x_wconf 86' lang='lat' dir='ltr'><strong>Fudit</strong></span> <span class='ocrx_word' id='word_1_149' title='bbox 932 2328 995 2387; x_wconf 91' lang='lat' dir='ltr'><strong>Deo</strong></span> <span class='ocrx_word' id='word_1_150' title='bbox 1017 2329 1181 2400; x_wconf 79' lang='lat' dir='ltr'><strong>precamina</strong></span> 
     </span>
     <span class='ocr_line' id='line_1_22' title="bbox 211 2410 1195 2485; baseline 0.007 -16"><span class='ocrx_word' id='word_1_151' title='bbox 211 2410 352 2469; x_wconf 85' lang='lat' dir='ltr'><strong>Lacrimis</strong></span> <span class='ocrx_word' id='word_1_152' title='bbox 374 2412 452 2471; x_wconf 86' lang='lat' dir='ltr'><strong>lavat</strong></span> <span class='ocrx_word' id='word_1_153' title='bbox 475 2411 592 2472; x_wconf 81' lang='lat' dir='ltr'><strong>foetida.</strong></span> <span class='ocrx_word' id='word_1_154' title='bbox 826 2414 883 2472; x_wconf 91' lang='lat' dir='ltr'><strong>Pro</strong></span> <span class='ocrx_word' id='word_1_155' title='bbox 902 2412 1081 2485; x_wconf 88' lang='lat' dir='ltr'><strong>adquirenda</strong></span> <span class='ocrx_word' id='word_1_156' title='bbox 1104 2415 1195 2477; x_wconf 87' lang='lat' dir='ltr'><strong>venia.</strong></span> 
     </span>
    </p>
   </div>
   <div class='ocr_carea' id='block_1_8' title="bbox 156 2513 1185 3203">
    <p class='ocr_par' dir='ltr' id='par_1_8' title="bbox 156 2513 1185 2842">
     <span class='ocr_line' id='line_1_23' title="bbox 156 2513 1132 2589; baseline 0.001 -16"><span class='ocrx_word' id='word_1_157' title='bbox 156 2514 188 2573; x_wconf 86' lang='lat'><strong>2.</strong></span> <span class='ocrx_word' id='word_1_158' title='bbox 212 2513 336 2586; x_wconf 87' lang='lat' dir='ltr'><strong>impleta</strong></span> <span class='ocrx_word' id='word_1_159' title='bbox 358 2514 412 2573; x_wconf 85' lang='lat' dir='ltr'><strong>Dei</strong></span> <span class='ocrx_word' id='word_1_160' title='bbox 434 2515 537 2589; x_wconf 83' lang='lat' dir='ltr'><strong>gratia,</strong></span> <span class='ocrx_word' id='word_1_161' title='bbox 774 2519 802 2577; x_wconf 89' lang='lat'><strong>4.</strong></span> <span class='ocrx_word' id='word_1_162' title='bbox 826 2515 923 2573; x_wconf 85' lang='lat' dir='ltr'><strong>Matar</strong></span> <span class='ocrx_word' id='word_1_163' title='bbox 944 2514 999 2572; x_wconf 90' lang='lat' dir='ltr'><strong>Dei</strong></span> <span class='ocrx_word' id='word_1_164' title='bbox 1019 2514 1132 2587; x_wconf 82' lang='lat' dir='ltr'><strong>eximia,</strong></span> 
     </span>
     <span class='ocr_line' id='line_1_24' title="bbox 213 2599 1185 2674; baseline 0.003 -17"><span class='ocrx_word' id='word_1_165' title='bbox 213 2599 365 2658; x_wconf 87' lang='lat' dir='ltr'><strong>Poenitens</strong></span> <span class='ocrx_word' id='word_1_166' title='bbox 388 2599 424 2658; x_wconf 92' lang='lat' dir='ltr'><strong>de</strong></span> <span class='ocrx_word' id='word_1_167' title='bbox 446 2601 582 2674; x_wconf 89' lang='lat' dir='ltr'><strong>nequitia,</strong></span> <span class='ocrx_word' id='word_1_168' title='bbox 828 2600 915 2673; x_wconf 81' lang='lat' dir='ltr'><strong>Virgo</strong></span> <span class='ocrx_word' id='word_1_169' title='bbox 938 2599 1185 2672; x_wconf 82' lang='lat' dir='ltr'><strong>excellentissima,</strong></span> 
     </span>
     <span class='ocr_line' id='line_1_25' title="bbox 216 2685 1185 2758; baseline 0.003 -15"><span class='ocrx_word' id='word_1_170' title='bbox 216 2685 402 2743; x_wconf 85' lang='lat' dir='ltr'><strong>Perscrntans</strong></span> <span class='ocrx_word' id='word_1_171' title='bbox 425 2686 520 2743; x_wconf 87' lang='lat' dir='ltr'><strong>cordis</strong></span> <span class='ocrx_word' id='word_1_172' title='bbox 544 2686 654 2745; x_wconf 86' lang='lat' dir='ltr'><strong>viscera</strong></span> <span class='ocrx_word' id='word_1_173' title='bbox 828 2687 882 2744; x_wconf 88' lang='lat' dir='ltr'><strong>Per</strong></span> <span class='ocrx_word' id='word_1_174' title='bbox 904 2690 933 2742; x_wconf 89' lang='lat' dir='ltr'><strong>te</strong></span> <span class='ocrx_word' id='word_1_175' title='bbox 954 2685 1072 2743; x_wconf 85' lang='lat' dir='ltr'><strong>obtenta</strong></span> <span class='ocrx_word' id='word_1_176' title='bbox 1093 2687 1185 2758; x_wconf 78' lang='lat' dir='ltr'><strong>gratia</strong></span> 
     </span>
     <span class='ocr_line' id='line_1_26' title="bbox 215 2769 1143 2842; baseline 0.003 -15"><span class='ocrx_word' id='word_1_177' title='bbox 215 2769 366 2828; x_wconf 84' lang='lat' dir='ltr'><strong>Tundcbat</strong></span> <span class='ocrx_word' id='word_1_178' title='bbox 389 2786 420 2827; x_wconf 92' lang='lat' dir='ltr'><strong>se</strong></span> <span class='ocrx_word' id='word_1_179' title='bbox 441 2786 494 2842; x_wconf 92' lang='lat' dir='ltr'><strong>per</strong></span> <span class='ocrx_word' id='word_1_180' title='bbox 515 2770 623 2830; x_wconf 88' lang='lat' dir='ltr'><strong>intima.</strong></span> <span class='ocrx_word' id='word_1_181' title='bbox 826 2771 985 2829; x_wconf 86' lang='lat' dir='ltr'><strong>Deleantur</strong></span> <span class='ocrx_word' id='word_1_182' title='bbox 1007 2771 1143 2830; x_wconf 84' lang='lat' dir='ltr'><strong>facinora</strong></span> 
     </span>
    </p>

    <p class='ocr_par' dir='ltr' id='par_1_9' title="bbox 516 2873 982 3203">
     <span class='ocr_line' id='line_1_27' title="bbox 516 2873 929 2948; baseline -0.005 -15"><span class='ocrx_word' id='word_1_183' title='bbox 516 2879 544 2935; x_wconf 82' lang='lat'><strong>5.</strong></span> <span class='ocrx_word' id='word_1_184' title='bbox 566 2873 637 2948; x_wconf 81' lang='lat' dir='ltr'><strong>Regi</strong></span> <span class='ocrx_word' id='word_1_185' title='bbox 660 2891 756 2946; x_wconf 85' lang='lat' dir='ltr'><strong>rogum</strong></span> <span class='ocrx_word' id='word_1_186' title='bbox 779 2875 817 2932; x_wconf 91' lang='lat' dir='ltr'><strong>sit</strong></span> <span class='ocrx_word' id='word_1_187' title='bbox 837 2874 929 2946; x_wconf 82' lang='lat' dir='ltr'><strong>gloria</strong></span> 
     </span>
     <span class='ocr_line' id='line_1_28' title="bbox 565 2958 962 3029; baseline -0.008 -11"><span class='ocrx_word' id='word_1_188' title='bbox 565 2960 621 3018; x_wconf 89' lang='lat' dir='ltr'><strong>Pro</strong></span> <span class='ocrx_word' id='word_1_189' title='bbox 643 2959 781 3018; x_wconf 84' lang='lat' dir='ltr'><strong>immensa</strong></span> <span class='ocrx_word' id='word_1_190' title='bbox 802 2958 962 3029; x_wconf 82' lang='lat' dir='ltr'><strong>clementia,</strong></span> 
     </span>
     <span class='ocr_line' id='line_1_29' title="bbox 566 3044 954 3118; baseline -0.008 -16"><span class='ocrx_word' id='word_1_191' title='bbox 566 3045 620 3118; x_wconf 73' lang='lat' dir='ltr'><strong>Qui</strong></span> <span class='ocrx_word' id='word_1_192' title='bbox 643 3046 742 3117; x_wconf 87' lang='lat' dir='ltr'><strong>culpas</strong></span> <span class='ocrx_word' id='word_1_193' title='bbox 762 3051 791 3103; x_wconf 86' lang='lat' dir='ltr'><strong>et</strong></span> <span class='ocrx_word' id='word_1_194' title='bbox 812 3044 954 3117; x_wconf 86' lang='lat' dir='ltr'><strong>supplicia</strong></span> 
     </span>
     <span class='ocr_line' id='line_1_30' title="bbox 569 3130 982 3203; baseline -0.002 -14"><span class='ocrx_word' id='word_1_195' title='bbox 569 3131 703 3189; x_wconf 88' lang='lat' dir='ltr'><strong>Remittit</strong></span> <span class='ocrx_word' id='word_1_196' title='bbox 724 3137 753 3188; x_wconf 91' lang='lat' dir='ltr'><strong>ct</strong></span> <span class='ocrx_word' id='word_1_197' title='bbox 775 3131 826 3188; x_wconf 87' lang='lat' dir='ltr'><strong>dat</strong></span> <span class='ocrx_word' id='word_1_198' title='bbox 847 3130 982 3203; x_wconf 80' lang='lat' dir='ltr'><strong>praemia</strong></span> 
     </span>
    </p>
   </div>
   <div class='ocr_carea' id='block_1_9' title="bbox 225 3245 1267 3314">
    <p class='ocr_par' dir='ltr' id='par_1_10' title="bbox 225 3245 1267 3314">
     <span class='ocr_line' id='line_1_31' title="bbox 225 3245 1267 3314; baseline 0.003 -19"><span class='ocrx_word' id='word_1_199' title='bbox 225 3246 309 3296; x_wconf 82' lang='lat' dir='ltr'><strong>Psalt.</strong></span> <span class='ocrx_word' id='word_1_200' title='bbox 328 3246 507 3298; x_wconf 82' lang='lat' dir='ltr'><strong>Pallentinum</strong></span> <span class='ocrx_word' id='word_1_201' title='bbox 525 3251 587 3314; x_wconf 87' lang='lat' dir='ltr'><strong>imp.</strong></span> <span class='ocrx_word' id='word_1_202' title='bbox 606 3249 732 3299; x_wconf 83' lang='lat' dir='ltr'><strong>Lucronii</strong></span> <span class='ocrx_word' id='word_1_203' title='bbox 754 3245 826 3298; x_wconf 86' lang='lat'><strong>1512.</strong></span> <span class='ocrx_word' id='word_1_204' title='bbox 862 3248 938 3297; x_wconf 77' lang='lat' dir='ltr'><strong>Met:</strong></span> <span class='ocrx_word' id='word_1_205' title='bbox 957 3247 1064 3298; x_wconf 81' lang='lat' dir='ltr'><strong>Aeterni</strong></span> <span class='ocrx_word' id='word_1_206' title='bbox 1083 3251 1165 3314; x_wconf 87' lang='lat' dir='ltr'><strong>patris</strong></span> <span class='ocrx_word' id='word_1_207' title='bbox 1184 3252 1267 3299; x_wconf 76' lang='lat' dir='ltr'><strong>turice.</strong></span> 
     </span>
    </p>
   </div>
   <div class='ocr_carea' id='block_1_10' title="bbox 507 3478 989 3555">
    <p class='ocr_par' dir='ltr' id='par_1_11' title="bbox 507 3478 989 3555">
     <span class='ocr_line' id='line_1_32' title="bbox 507 3478 989 3555; baseline -0.004 -17"><span class='ocrx_word' id='word_1_208' title='bbox 507 3481 567 3539; x_wconf 79' lang='grc'><strong>370.</strong></span> <span class='ocrx_word' id='word_1_209' title='bbox 603 3481 641 3537; x_wconf 81' lang='lat' dir='ltr'><strong>ite</strong></span> <span class='ocrx_word' id='word_1_210' title='bbox 659 3495 680 3536; x_wconf 88' lang='lat' dir='ltr'><strong>s.</strong></span> <span class='ocrx_word' id='word_1_211' title='bbox 699 3478 789 3538; x_wconf 82' lang='lat' dir='ltr'><strong>ilaria</strong></span> <span class='ocrx_word' id='word_1_212' title='bbox 806 3480 989 3555; x_wconf 80' lang='lat' dir='ltr'><strong>Aegyptiam.</strong></span> 
     </span>
    </p>
   </div>
   <div class='ocr_carea' id='block_1_11' title="bbox 628 3601 861 3657">
    <p class='ocr_par' dir='ltr' id='par_1_12' title="bbox 628 3601 861 3657">
     <span class='ocr_line' id='line_1_33' title="bbox 628 3601 861 3657; baseline 0.009 -2"><span class='ocrx_word' id='word_1_213' title='bbox 628 3601 672 3656; x_wconf 86' lang='lat' dir='ltr'><strong>Ad</strong></span> <span class='ocrx_word' id='word_1_214' title='bbox 689 3602 861 3657; x_wconf 85' lang='lat' dir='ltr'><strong>Nocturnum</strong></span> 
     </span>
    </p>
   </div>
   <div class='ocr_carea' id='block_1_12' title="bbox 159 3726 1217 4057">
    <p class='ocr_par' dir='ltr' id='par_1_13' title="bbox 159 3726 1217 4057">
     <span class='ocr_line' id='line_1_34' title="bbox 159 3726 1192 3802; baseline 0.003 -16"><span class='ocrx_word' id='word_1_215' title='bbox 159 3728 187 3786; x_wconf 94' lang='lat' dir='ltr'><strong>l.</strong></span> <span class='ocrx_word' id='word_1_216' title='bbox 209 3726 306 3785; x_wconf 87' lang='lat' dir='ltr'><strong>Maria</strong></span> <span class='ocrx_word' id='word_1_217' title='bbox 329 3726 507 3800; x_wconf 79' lang='lat' dir='ltr'><strong>Aegyptiace</strong></span> <span class='ocrx_word' id='word_1_218' title='bbox 775 3732 803 3790; x_wconf 87' lang='lat'><strong>3.</strong></span> <span class='ocrx_word' id='word_1_219' title='bbox 823 3729 1017 3789; x_wconf 87' lang='lat' dir='ltr'><strong>Deambulans</strong></span> <span class='ocrx_word' id='word_1_220' title='bbox 1039 3745 1093 3802; x_wconf 91' lang='lat' dir='ltr'><strong>per</strong></span> <span class='ocrx_word' id='word_1_221' title='bbox 1115 3729 1192 3789; x_wconf 87' lang='lat' dir='ltr'><strong>invia</strong></span> 
     </span>
     <span class='ocr_line' id='line_1_35' title="bbox 212 3811 1161 3889; baseline 0.005 -19"><span class='ocrx_word' id='word_1_222' title='bbox 212 3811 323 3871; x_wconf 83' lang='lat' dir='ltr'><strong>Relicto</strong></span> <span class='ocrx_word' id='word_1_223' title='bbox 343 3819 427 3884; x_wconf 84' lang='lat' dir='ltr'><strong>patro</strong></span> <span class='ocrx_word' id='word_1_224' title='bbox 449 3819 478 3870; x_wconf 86' lang='lat' dir='ltr'><strong>et</strong></span> <span class='ocrx_word' id='word_1_225' title='bbox 499 3812 594 3884; x_wconf 88' lang='lat' dir='ltr'><strong>patria</strong></span> <span class='ocrx_word' id='word_1_226' title='bbox 826 3815 881 3873; x_wconf 89' lang='lat' dir='ltr'><strong>Die</strong></span> <span class='ocrx_word' id='word_1_227' title='bbox 904 3822 1043 3889; x_wconf 85' lang='lat' dir='ltr'><strong>nocteque</strong></span> <span class='ocrx_word' id='word_1_228' title='bbox 1065 3816 1161 3875; x_wconf 89' lang='lat' dir='ltr'><strong>media</strong></span> 
     </span>
     <span class='ocr_line' id='line_1_36' title="bbox 214 3897 1158 3974; baseline 0.006 -20"><span class='ocrx_word' id='word_1_229' title='bbox 214 3897 268 3955; x_wconf 91' lang='lat' dir='ltr'><strong>Pro</strong></span> <span class='ocrx_word' id='word_1_230' title='bbox 289 3897 382 3955; x_wconf 90' lang='lat' dir='ltr'><strong>camis</strong></span> <span class='ocrx_word' id='word_1_231' title='bbox 409 3897 568 3971; x_wconf 84' lang='lat' dir='ltr'><strong>petulantia</strong></span> <span class='ocrx_word' id='word_1_232' title='bbox 826 3900 998 3959; x_wconf 86' lang='lat' dir='ltr'><strong>Dominante</strong></span> <span class='ocrx_word' id='word_1_233' title='bbox 1019 3901 1158 3974; x_wconf 84' lang='lat' dir='ltr'><strong>spurcitia</strong></span> 
     </span>
     <span class='ocr_line' id='line_1_37' title="bbox 210 3982 1217 4057; baseline 0.004 -16"><span class='ocrx_word' id='word_1_234' title='bbox 210 3982 343 4041; x_wconf 87' lang='lat' dir='ltr'><strong>Cucurrit</strong></span> <span class='ocrx_word' id='word_1_235' title='bbox 364 3983 401 4042; x_wconf 92' lang='lat' dir='ltr'><strong>ad</strong></span> <span class='ocrx_word' id='word_1_236' title='bbox 425 3982 541 4057; x_wconf 80' lang='lat' dir='ltr'><strong>flagitia.</strong></span> <span class='ocrx_word' id='word_1_237' title='bbox 828 3986 865 4045; x_wconf 89' lang='lat' dir='ltr'><strong>Se</strong></span> <span class='ocrx_word' id='word_1_238' title='bbox 886 3984 1017 4045; x_wconf 87' lang='lat' dir='ltr'><strong>subdidit</strong></span> <span class='ocrx_word' id='word_1_239' title='bbox 1038 3987 1076 4046; x_wconf 94' lang='lat' dir='ltr'><strong>ad</strong></span> <span class='ocrx_word' id='word_1_240' title='bbox 1098 3987 1217 4048; x_wconf 88' lang='lat' dir='ltr'><strong>scelera.</strong></span> 
     </span>
    </p>
   </div>
   <div class='ocr_carea' id='block_1_13' title="bbox 130 4086 1226 4429">
    <p class='ocr_par' dir='ltr' id='par_1_14' title="bbox 159 4086 1226 4335">
     <span class='ocr_line' id='line_1_38' title="bbox 159 4086 1136 4149; baseline 0.001 -3"><span class='ocrx_word' id='word_1_241' title='bbox 159 4089 189 4148; x_wconf 86' lang='lat'><strong>2.</strong></span> <span class='ocrx_word' id='word_1_242' title='bbox 214 4089 318 4145; x_wconf 85' lang='lat' dir='ltr'><strong>Aetate</strong></span> <span class='ocrx_word' id='word_1_243' title='bbox 341 4086 512 4146; x_wconf 89' lang='lat' dir='ltr'><strong>duodecima</strong></span> <span class='ocrx_word' id='word_1_244' title='bbox 773 4091 802 4149; x_wconf 91' lang='grc'><strong>4.</strong></span> <span class='ocrx_word' id='word_1_245' title='bbox 824 4088 970 4147; x_wconf 84' lang='lat' dir='ltr'><strong>Exercens</strong></span> <span class='ocrx_word' id='word_1_246' title='bbox 993 4105 1044 4147; x_wconf 91' lang='lat' dir='ltr'><strong>sna</strong></span> <span class='ocrx_word' id='word_1_247' title='bbox 1067 4089 1136 4148; x_wconf 86' lang='lat' dir='ltr'><strong>vitia</strong></span> 
     </span>
     <span class='ocr_line' id='line_1_39' title="bbox 212 4169 1226 4252; baseline 0.001 -19"><span class='ocrx_word' id='word_1_248' title='bbox 212 4169 371 4246; x_wconf 76' lang='lat' dir='ltr'><strong>Instiganto</strong></span> <span class='ocrx_word' id='word_1_249' title='bbox 391 4173 510 4232; x_wconf 84' lang='lat' dir='ltr'><strong>lascivia</strong></span> <span class='ocrx_word' id='word_1_250' title='bbox 826 4174 900 4232; x_wconf 91' lang='lat' dir='ltr'><strong>Dum</strong></span> <span class='ocrx_word' id='word_1_251' title='bbox 923 4180 1051 4233; x_wconf 89' lang='lat' dir='ltr'><strong>maneret</strong></span> <span class='ocrx_word' id='word_1_252' title='bbox 1073 4176 1101 4233; x_wconf 92' lang='lat' dir='ltr'><strong>in</strong></span> <span class='ocrx_word' id='word_1_253' title='bbox 1125 4175 1226 4252; x_wconf 84' lang='lat' dir='ltr'><strong>Lybie,</strong></span> 
     </span>
     <span class='ocr_line' id='line_1_40' title="bbox 213 4258 1168 4335; baseline 0.003 -19"><span class='ocrx_word' id='word_1_254' title='bbox 213 4258 358 4330; x_wconf 85' lang='lat' dir='ltr'><strong>Despecta</strong></span> <span class='ocrx_word' id='word_1_255' title='bbox 380 4258 432 4317; x_wconf 90' lang='lat' dir='ltr'><strong>Dei</strong></span> <span class='ocrx_word' id='word_1_256' title='bbox 452 4258 546 4332; x_wconf 80' lang='lat' dir='ltr'><strong>gratia</strong></span> <span class='ocrx_word' id='word_1_257' title='bbox 830 4261 896 4318; x_wconf 76' lang='lat' dir='ltr'><strong>Visa</strong></span> <span class='ocrx_word' id='word_1_258' title='bbox 918 4260 1003 4318; x_wconf 89' lang='lat' dir='ltr'><strong>turba</strong></span> <span class='ocrx_word' id='word_1_259' title='bbox 1025 4261 1168 4335; x_wconf 81' lang='lat' dir='ltr'><strong>Aegyptia</strong></span> 
     </span>
    </p>

    <p class='ocr_par' dir='ltr' id='par_1_15' title="bbox 130 4342 1193 4429">
     <span class='ocr_line' id='line_1_41' title="bbox 130 4342 1193 4429; baseline 0.006 -27"><span class='ocrx_word' id='word_1_260' title='bbox 130 4421 133 4429; x_wconf 28' lang='grc' dir='ltr'>Ι</span> <span class='ocrx_word' id='word_1_261' title='bbox 212 4344 249 4403; x_wconf 87' lang='lat' dir='ltr'><strong>Sc</strong></span> <span class='ocrx_word' id='word_1_262' title='bbox 272 4343 353 4402; x_wconf 92' lang='lat' dir='ltr'><strong>dedit</strong></span> <span class='ocrx_word' id='word_1_263' title='bbox 374 4344 411 4403; x_wconf 90' lang='lat' dir='ltr'><strong>ad</strong></span> <span class='ocrx_word' id='word_1_264' title='bbox 435 4342 570 4404; x_wconf 88' lang='lat' dir='ltr'><strong>convicia.</strong></span> <span class='ocrx_word' id='word_1_265' title='bbox 823 4347 1012 4405; x_wconf 86' lang='lat' dir='ltr'><strong>Percunctata</strong></span> <span class='ocrx_word' id='word_1_266' title='bbox 1034 4354 1078 4404; x_wconf 89' lang='lat' dir='ltr'><strong>est</strong></span> <span class='ocrx_word' id='word_1_267' title='bbox 1100 4347 1193 4409; x_wconf 83' lang='lat' dir='ltr'><strong>devia.</strong></span> 
     </span>
    </p>
   </div>
   <div class='ocr_carea' id='block_1_14' title="bbox 0 0 1464 4868">
    <p class='ocr_par' dir='ltr' id='par_1_16' title="bbox 0 0 1464 4868">
     <span class='ocr_line' id='line_1_42' title="bbox 0 0 1464 4868; baseline 0 0"><span class='ocrx_word' id='word_1_268' title='bbox 0 0 1464 4868; x_wconf 95' lang='lat' dir='ltr'><strong> </strong></span> 
     </span>
    </p>
   </div>
  </div>
 </body>
</html>
