<?xml version="1.0" encoding="UTF-8"?>
<!DOCTYPE html PUBLIC "-//W3C//DTD XHTML 1.0 Transitional//EN"
    "http://www.w3.org/TR/xhtml1/DTD/xhtml1-transitional.dtd">
<html xmlns="http://www.w3.org/1999/xhtml" xml:lang="en" lang="en">
 <head>
  <title>
</title>
<meta http-equiv="Content-Type" content="text/html;charset=utf-8" />
  <meta name='ocr-system' content='tesseract 3.04.00' />
  <meta name='ocr-capabilities' content='ocr_page ocr_carea ocr_par ocr_line ocrx_word'/>
</head>
<body>
  <div class='ocr_page' id='page_1' title='image "./hymnodiahiberic00drevgoog_0202.png"; bbox 0 0 2918 4868; ppageno 0'>
   <div class='ocr_carea' id='block_1_1' title="bbox 612 268 845 334">
    <p class='ocr_par' dir='ltr' id='par_1_1' title="bbox 612 268 845 334">
     <span class='ocr_line' id='line_1_1' title="bbox 612 268 845 334; baseline 0.009 -2"><span class='ocrx_word' id='word_1_1' title='bbox 612 268 845 334; x_wconf 80' lang='lat'>-195-</span> 
     </span>
    </p>
   </div>
   <div class='ocr_carea' id='block_1_2' title="bbox 139 442 1218 774">
    <p class='ocr_par' dir='ltr' id='par_1_2' title="bbox 139 442 1218 774">
     <span class='ocr_line' id='line_1_2' title="bbox 139 442 1203 516; baseline 0.003 -16"><span class='ocrx_word' id='word_1_2' title='bbox 139 444 166 503; x_wconf 82' lang='grc'><strong>7.</strong></span> <span class='ocrx_word' id='word_1_3' title='bbox 191 442 294 500; x_wconf 82' lang='lat' dir='ltr'><strong>Preces</strong></span> <span class='ocrx_word' id='word_1_4' title='bbox 318 443 416 501; x_wconf 87' lang='lat' dir='ltr'><strong>demus</strong></span> <span class='ocrx_word' id='word_1_5' title='bbox 439 443 603 516; x_wconf 87' lang='lat' dir='ltr'><strong>laurentio,</strong></span> <span class='ocrx_word' id='word_1_6' title='bbox 755 448 783 506; x_wconf 88' lang='lat'><strong>8.</strong></span> <span class='ocrx_word' id='word_1_7' title='bbox 808 445 894 511; x_wconf 87' lang='lat' dir='ltr'><strong>Laus,</strong></span> <span class='ocrx_word' id='word_1_8' title='bbox 918 445 1017 514; x_wconf 86' lang='lat' dir='ltr'><strong>virtus,</strong></span> <span class='ocrx_word' id='word_1_9' title='bbox 1041 445 1203 504; x_wconf 79' lang='lat' dir='ltr'>benedictio</span> 
     </span>
     <span class='ocr_line' id='line_1_3' title="bbox 193 527 1153 602; baseline 0.003 -17"><span class='ocrx_word' id='word_1_10' title='bbox 193 527 246 598; x_wconf 82' lang='lat' dir='ltr'><strong>Qui</strong></span> <span class='ocrx_word' id='word_1_11' title='bbox 269 528 342 586; x_wconf 90' lang='lat' dir='ltr'><strong>coeli</strong></span> <span class='ocrx_word' id='word_1_12' title='bbox 364 529 445 586; x_wconf 91' lang='lat' dir='ltr'><strong>sedet</strong></span> <span class='ocrx_word' id='word_1_13' title='bbox 468 529 549 600; x_wconf 89' lang='lat' dir='ltr'><strong>solio,</strong></span> <span class='ocrx_word' id='word_1_14' title='bbox 809 530 922 588; x_wconf 83' lang='lat' dir='ltr'>Dentur</span> <span class='ocrx_word' id='word_1_15' title='bbox 943 531 1020 602; x_wconf 89' lang='lat' dir='ltr'><strong>patri</strong></span> <span class='ocrx_word' id='word_1_16' title='bbox 1043 537 1069 587; x_wconf 87' lang='lat' dir='ltr'><strong>et</strong></span> <span class='ocrx_word' id='word_1_17' title='bbox 1093 531 1153 589; x_wconf 91' lang='lat' dir='ltr'><strong>filio</strong></span> 
     </span>
     <span class='ocr_line' id='line_1_4' title="bbox 191 613 1186 692; baseline -0.001 -19"><span class='ocrx_word' id='word_1_18' title='bbox 191 613 232 673; x_wconf 94' lang='lat' dir='ltr'><strong>Ut</strong></span> <span class='ocrx_word' id='word_1_19' title='bbox 253 614 392 671; x_wconf 79' lang='lat' dir='ltr'>laetemur</span> <span class='ocrx_word' id='word_1_20' title='bbox 412 631 474 672; x_wconf 93' lang='lat' dir='ltr'><strong>cum</strong></span> <span class='ocrx_word' id='word_1_21' title='bbox 499 613 621 673; x_wconf 83' lang='lat' dir='ltr'><strong>Domino</strong></span> <span class='ocrx_word' id='word_1_22' title='bbox 806 616 846 673; x_wconf 84' lang='lat' dir='ltr'><strong>Et</strong></span> <span class='ocrx_word' id='word_1_23' title='bbox 867 613 976 673; x_wconf 89' lang='lat' dir='ltr'><strong>flamini</strong></span> <span class='ocrx_word' id='word_1_24' title='bbox 1000 615 1186 692; x_wconf 88' lang='lat' dir='ltr'><strong>sanctissimo,</strong></span> 
     </span>
     <span class='ocr_line' id='line_1_5' title="bbox 188 698 1218 774; baseline 0.005 -17"><span class='ocrx_word' id='word_1_25' title='bbox 188 698 259 757; x_wconf 85' lang='lat' dir='ltr'><strong>Jesu</strong></span> <span class='ocrx_word' id='word_1_26' title='bbox 282 700 361 757; x_wconf 91' lang='lat' dir='ltr'><strong>coelo</strong></span> <span class='ocrx_word' id='word_1_27' title='bbox 383 700 532 760; x_wconf 88' lang='lat' dir='ltr'><strong>altissimo.</strong></span> <span class='ocrx_word' id='word_1_28' title='bbox 807 701 859 772; x_wconf 78' lang='lat' dir='ltr'><strong>Qui</strong></span> <span class='ocrx_word' id='word_1_29' title='bbox 884 707 984 774; x_wconf 79' lang='lat' dir='ltr'><strong>regnat</strong></span> <span class='ocrx_word' id='word_1_30' title='bbox 1003 704 1067 759; x_wconf 90' lang='lat' dir='ltr'><strong>sine</strong></span> <span class='ocrx_word' id='word_1_31' title='bbox 1089 701 1218 762; x_wconf 90' lang='lat' dir='ltr'><strong>termino.</strong></span> 
     </span>
    </p>
   </div>
   <div class='ocr_carea' id='block_1_3' title="bbox 138 816 1315 935">
    <p class='ocr_par' dir='ltr' id='par_1_3' title="bbox 138 816 1315 935">
     <span class='ocr_line' id='line_1_6' title="bbox 138 816 1315 934; baseline 0.001 -69"><span class='ocrx_word' id='word_1_32' title='bbox 138 817 291 934; x_wconf 58' lang='grc' dir='ltr'><strong>ΟΙΒτθν,Ι</strong></span> <span class='ocrx_word' id='word_1_33' title='bbox 306 816 465 868; x_wconf 81' lang='lat' dir='ltr'><strong>Celsonense</strong></span> <span class='ocrx_word' id='word_1_34' title='bbox 490 820 551 882; x_wconf 86' lang='lat' dir='ltr'>imp.</span> <span class='ocrx_word' id='word_1_35' title='bbox 575 819 802 884; x_wconf 73' lang='lat' dir='ltr'><strong>Caesaraugustae</strong></span> <span class='ocrx_word' id='word_1_36' title='bbox 827 816 900 869; x_wconf 81' lang='lat'><strong>1514.</strong></span> <span class='ocrx_word' id='word_1_37' title='bbox 933 845 962 852; x_wconf 90' lang='lat'><strong>-·</strong></span> <span class='ocrx_word' id='word_1_38' title='bbox 989 819 1137 869; x_wconf 82' lang='lat' dir='ltr'><strong>Verfasser:</strong></span> <span class='ocrx_word' id='word_1_39' title='bbox 1162 818 1315 882; x_wconf 77' lang='lat' dir='ltr'><strong>Anonymus</strong></span> 
     </span>
     <span class='ocr_line' id='line_1_7' title="bbox 161 900 316 935; baseline -0.006 0"><span class='ocrx_word' id='word_1_40' title='bbox 161 900 316 935; x_wconf 79' lang='lat' dir='ltr'><strong>saonensis.</strong></span> 
     </span>
    </p>
   </div>
   <div class='ocr_carea' id='block_1_4' title="bbox 508 1000 939 1161">
    <p class='ocr_par' dir='ltr' id='par_1_4' title="bbox 508 1000 939 1161">
     <span class='ocr_line' id='line_1_8' title="bbox 508 1000 939 1059; baseline -0.002 -1"><span class='ocrx_word' id='word_1_41' title='bbox 508 1002 568 1058; x_wconf 84' lang='grc'><strong>336.</strong></span> <span class='ocrx_word' id='word_1_42' title='bbox 607 1001 646 1058; x_wconf 87' lang='lat' dir='ltr'><strong>ho</strong></span> <span class='ocrx_word' id='word_1_43' title='bbox 664 1003 761 1058; x_wconf 88' lang='lat' dir='ltr'><strong>sancto</strong></span> <span class='ocrx_word' id='word_1_44' title='bbox 780 1000 939 1059; x_wconf 83' lang='lat' dir='ltr'><strong>Laurentio.</strong></span> 
     </span>
     <span class='ocr_line' id='line_1_9' title="bbox 637 1105 812 1161; baseline -0.017 -2"><span class='ocrx_word' id='word_1_45' title='bbox 637 1106 679 1160; x_wconf 82' lang='lat' dir='ltr'><strong>nd</strong></span> <span class='ocrx_word' id='word_1_46' title='bbox 697 1105 812 1161; x_wconf 86' lang='lat' dir='ltr'><strong>Laudes.</strong></span> 
     </span>
    </p>
   </div>
   <div class='ocr_carea' id='block_1_5' title="bbox 139 1213 1218 1713">
    <p class='ocr_par' dir='ltr' id='par_1_5' title="bbox 139 1213 1218 1713">
     <span class='ocr_line' id='line_1_10' title="bbox 139 1213 1218 1287; baseline -0.002 -15"><span class='ocrx_word' id='word_1_47' title='bbox 139 1215 163 1272; x_wconf 87' lang='lat' dir='ltr'><strong>i.</strong></span> <span class='ocrx_word' id='word_1_48' title='bbox 191 1213 265 1270; x_wconf 91' lang='lat' dir='ltr'><strong>Voce</strong></span> <span class='ocrx_word' id='word_1_49' title='bbox 285 1219 382 1271; x_wconf 88' lang='lat' dir='ltr'><strong>cantet</strong></span> <span class='ocrx_word' id='word_1_50' title='bbox 401 1214 562 1271; x_wconf 83' lang='lat' dir='ltr'><strong>exsultante</strong></span> <span class='ocrx_word' id='word_1_51' title='bbox 751 1217 780 1275; x_wconf 80' lang='lat'><strong>4.</strong></span> <span class='ocrx_word' id='word_1_52' title='bbox 806 1213 902 1287; x_wconf 88' lang='lat' dir='ltr'><strong>lnquit</strong></span> <span class='ocrx_word' id='word_1_53' title='bbox 923 1213 1033 1274; x_wconf 83' lang='lat' dir='ltr'><strong>Sixtus:</strong></span> <span class='ocrx_word' id='word_1_54' title='bbox 1058 1218 1086 1270; x_wconf 86' lang='lat' dir='ltr'><strong>te</strong></span> <span class='ocrx_word' id='word_1_55' title='bbox 1109 1215 1218 1284; x_wconf 69' lang='lat' dir='ltr'><strong>madore</strong></span> 
     </span>
     <span class='ocr_line' id='line_1_11' title="bbox 236 1298 1196 1372; baseline -0.001 -15"><span class='ocrx_word' id='word_1_56' title='bbox 236 1299 320 1358; x_wconf 84' lang='lat' dir='ltr'><strong>Plebs</strong></span> <span class='ocrx_word' id='word_1_57' title='bbox 343 1298 443 1356; x_wconf 88' lang='lat' dir='ltr'><strong>laudes</strong></span> <span class='ocrx_word' id='word_1_58' title='bbox 467 1298 623 1370; x_wconf 90' lang='lat' dir='ltr'><strong>Laurentii,</strong></span> <span class='ocrx_word' id='word_1_59' title='bbox 845 1301 1022 1372; x_wconf 75' lang='lat' dir='ltr'><strong>Exspectant</strong></span> <span class='ocrx_word' id='word_1_60' title='bbox 1045 1298 1196 1370; x_wconf 88' lang='lat' dir='ltr'><strong>supplicia,</strong></span> 
     </span>
     <span class='ocr_line' id='line_1_12' title="bbox 190 1382 1180 1457; baseline 0.001 -17"><span class='ocrx_word' id='word_1_61' title='bbox 190 1383 244 1453; x_wconf 84' lang='lat' dir='ltr'><strong>Qui</strong></span> <span class='ocrx_word' id='word_1_62' title='bbox 267 1399 329 1442; x_wconf 92' lang='lat' dir='ltr'><strong>cum</strong></span> <span class='ocrx_word' id='word_1_63' title='bbox 352 1385 448 1456; x_wconf 88' lang='lat' dir='ltr'><strong>palma</strong></span> <span class='ocrx_word' id='word_1_64' title='bbox 470 1384 664 1457; x_wconf 79' lang='lat' dir='ltr'><strong>triumphante</strong></span> <span class='ocrx_word' id='word_1_65' title='bbox 806 1386 862 1443; x_wconf 89' lang='lat' dir='ltr'><strong>Per</strong></span> <span class='ocrx_word' id='word_1_66' title='bbox 882 1400 964 1456; x_wconf 86' lang='lat' dir='ltr'><strong>quae,</strong></span> <span class='ocrx_word' id='word_1_67' title='bbox 987 1382 1039 1456; x_wconf 89' lang='lat' dir='ltr'><strong>fili,</strong></span> <span class='ocrx_word' id='word_1_68' title='bbox 1062 1383 1180 1442; x_wconf 88' lang='lat' dir='ltr'><strong>meliora</strong></span> 
     </span>
     <span class='ocr_line' id='line_1_13' title="bbox 232 1469 1169 1542; baseline -0.002 -13"><span class='ocrx_word' id='word_1_69' title='bbox 232 1469 352 1529; x_wconf 87' lang='lat' dir='ltr'><strong>Sustulit</strong></span> <span class='ocrx_word' id='word_1_70' title='bbox 375 1469 489 1541; x_wconf 86' lang='lat' dir='ltr'><strong>suplicii</strong></span> <span class='ocrx_word' id='word_1_71' title='bbox 845 1469 995 1529; x_wconf 87' lang='lat' dir='ltr'><strong>Debentur</strong></span> <span class='ocrx_word' id='word_1_72' title='bbox 1015 1469 1169 1542; x_wconf 89' lang='lat' dir='ltr'><strong>stipendia,</strong></span> 
     </span>
     <span class='ocr_line' id='line_1_14' title="bbox 189 1554 1189 1629; baseline 0 -17"><span class='ocrx_word' id='word_1_73' title='bbox 189 1554 307 1629; x_wconf 88' lang='lat' dir='ltr'><strong>Poenas,</strong></span> <span class='ocrx_word' id='word_1_74' title='bbox 330 1570 382 1613; x_wconf 91' lang='lat' dir='ltr'><strong>cur</strong></span> <span class='ocrx_word' id='word_1_75' title='bbox 406 1556 511 1629; x_wconf 81' lang='lat' dir='ltr'><strong>gaudet</strong></span> <span class='ocrx_word' id='word_1_76' title='bbox 533 1561 650 1613; x_wconf 87' lang='lat' dir='ltr'><strong>tonante</strong></span> <span class='ocrx_word' id='word_1_77' title='bbox 802 1557 870 1615; x_wconf 84' lang='lat' dir='ltr'><strong>Post</strong></span> <span class='ocrx_word' id='word_1_78' title='bbox 893 1554 1018 1612; x_wconf 91' lang='lat' dir='ltr'><strong>triduum</strong></span> <span class='ocrx_word' id='word_1_79' title='bbox 1042 1555 1097 1612; x_wconf 89' lang='lat' dir='ltr'><strong>erit</strong></span> <span class='ocrx_word' id='word_1_80' title='bbox 1118 1554 1189 1612; x_wconf 89' lang='lat' dir='ltr'><strong>hora</strong></span> 
     </span>
     <span class='ocr_line' id='line_1_15' title="bbox 232 1640 1150 1713; baseline 0.002 -14"><span class='ocrx_word' id='word_1_81' title='bbox 232 1640 318 1699; x_wconf 79' lang='lat' dir='ltr'><strong>Coelo</strong></span> <span class='ocrx_word' id='word_1_82' title='bbox 342 1640 417 1699; x_wconf 92' lang='lat' dir='ltr'><strong>douo</strong></span> <span class='ocrx_word' id='word_1_83' title='bbox 439 1640 569 1713; x_wconf 83' lang='lat' dir='ltr'><strong>praemii.</strong></span> <span class='ocrx_word' id='word_1_84' title='bbox 846 1640 981 1699; x_wconf 90' lang='lat' dir='ltr'><strong>Sumendi</strong></span> <span class='ocrx_word' id='word_1_85' title='bbox 1006 1640 1150 1702; x_wconf 89' lang='lat' dir='ltr'><strong>coelestia.</strong></span> 
     </span>
    </p>
   </div>
   <div class='ocr_carea' id='block_1_6' title="bbox 135 1741 1227 2244">
    <p class='ocr_par' dir='ltr' id='par_1_6' title="bbox 135 1741 1227 2244">
     <span class='ocr_line' id='line_1_16' title="bbox 135 1741 1164 1816; baseline -0.004 -14"><span class='ocrx_word' id='word_1_86' title='bbox 135 1746 164 1802; x_wconf 86' lang='lat'><strong>2.</strong></span> <span class='ocrx_word' id='word_1_87' title='bbox 189 1741 309 1801; x_wconf 89' lang='lat' dir='ltr'><strong>Sanetus</strong></span> <span class='ocrx_word' id='word_1_88' title='bbox 331 1750 483 1816; x_wconf 85' lang='lat' dir='ltr'><strong>pneumate</strong></span> <span class='ocrx_word' id='word_1_89' title='bbox 509 1750 641 1801; x_wconf 86' lang='lat' dir='ltr'><strong>monente</strong></span> <span class='ocrx_word' id='word_1_90' title='bbox 750 1747 779 1806; x_wconf 80' lang='lat'><strong>5.</strong></span> <span class='ocrx_word' id='word_1_91' title='bbox 801 1745 841 1805; x_wconf 92' lang='lat' dir='ltr'><strong>Ut</strong></span> <span class='ocrx_word' id='word_1_92' title='bbox 862 1743 1033 1802; x_wconf 88' lang='lat' dir='ltr'><strong>Laurentius</strong></span> <span class='ocrx_word' id='word_1_93' title='bbox 1055 1747 1164 1816; x_wconf 87' lang='lat' dir='ltr'><strong>uratur,</strong></span> 
     </span>
     <span class='ocr_line' id='line_1_17' title="bbox 230 1827 1101 1902; baseline -0.002 -14"><span class='ocrx_word' id='word_1_94' title='bbox 230 1827 363 1888; x_wconf 83' lang='lat' dir='ltr'><strong>Surrexit</strong></span> <span class='ocrx_word' id='word_1_95' title='bbox 384 1829 413 1888; x_wconf 93' lang='lat' dir='ltr'><strong>in</strong></span> <span class='ocrx_word' id='word_1_96' title='bbox 435 1829 564 1901; x_wconf 86' lang='lat' dir='ltr'><strong>Decium,</strong></span> <span class='ocrx_word' id='word_1_97' title='bbox 845 1829 939 1902; x_wconf 80' lang='lat' dir='ltr'><strong>ignita</strong></span> <span class='ocrx_word' id='word_1_98' title='bbox 964 1828 1101 1887; x_wconf 86' lang='lat' dir='ltr'><strong>craticula</strong></span> 
     </span>
     <span class='ocr_line' id='line_1_18' title="bbox 188 1913 1198 1988; baseline -0.001 -17"><span class='ocrx_word' id='word_1_99' title='bbox 188 1913 316 1986; x_wconf 85' lang='lat' dir='ltr'><strong>Nequam</strong></span> <span class='ocrx_word' id='word_1_100' title='bbox 340 1920 369 1971; x_wconf 89' lang='lat' dir='ltr'><strong>et</strong></span> <span class='ocrx_word' id='word_1_101' title='bbox 389 1914 487 1988; x_wconf 90' lang='lat' dir='ltr'><strong>iniqua</strong></span> <span class='ocrx_word' id='word_1_102' title='bbox 509 1921 603 1973; x_wconf 90' lang='lat' dir='ltr'><strong>mente</strong></span> <span class='ocrx_word' id='word_1_103' title='bbox 804 1915 933 1987; x_wconf 86' lang='lat' dir='ltr'><strong>Paratur,</strong></span> <span class='ocrx_word' id='word_1_104' title='bbox 958 1914 1024 1972; x_wconf 90' lang='lat' dir='ltr'><strong>dum</strong></span> <span class='ocrx_word' id='word_1_105' title='bbox 1045 1913 1198 1983; x_wconf 88' lang='lat' dir='ltr'><strong>cruciatur,</strong></span> 
     </span>
     <span class='ocr_line' id='line_1_19' title="bbox 230 1998 1227 2077; baseline -0.002 -19"><span class='ocrx_word' id='word_1_106' title='bbox 230 1999 377 2058; x_wconf 85' lang='lat' dir='ltr'><strong>Rebellem</strong></span> <span class='ocrx_word' id='word_1_107' title='bbox 399 2006 429 2058; x_wconf 90' lang='lat' dir='ltr'><strong>et</strong></span> <span class='ocrx_word' id='word_1_108' title='bbox 450 2001 576 2077; x_wconf 90' lang='lat' dir='ltr'><strong>impium,</strong></span> <span class='ocrx_word' id='word_1_109' title='bbox 845 2001 960 2059; x_wconf 74' lang='lat' dir='ltr'><strong>Adsunt</strong></span> <span class='ocrx_word' id='word_1_110' title='bbox 982 1999 1082 2057; x_wconf 86' lang='lat' dir='ltr'><strong>mortis</strong></span> <span class='ocrx_word' id='word_1_111' title='bbox 1105 1998 1227 2070; x_wconf 89' lang='lat' dir='ltr'><strong>vincula,</strong></span> 
     </span>
     <span class='ocr_line' id='line_1_20' title="bbox 188 2084 1201 2159; baseline -0.001 -16"><span class='ocrx_word' id='word_1_112' title='bbox 188 2086 244 2143; x_wconf 89' lang='lat' dir='ltr'><strong>Per</strong></span> <span class='ocrx_word' id='word_1_113' title='bbox 266 2102 349 2158; x_wconf 91' lang='lat' dir='ltr'><strong>quem</strong></span> <span class='ocrx_word' id='word_1_114' title='bbox 372 2091 492 2159; x_wconf 89' lang='lat' dir='ltr'><strong>paratur</strong></span> <span class='ocrx_word' id='word_1_115' title='bbox 515 2094 633 2159; x_wconf 90' lang='lat' dir='ltr'><strong>repente</strong></span> <span class='ocrx_word' id='word_1_116' title='bbox 802 2086 854 2145; x_wconf 91' lang='lat' dir='ltr'><strong>Cui</strong></span> <span class='ocrx_word' id='word_1_117' title='bbox 876 2085 955 2143; x_wconf 91' lang='lat' dir='ltr'><strong>coelo</strong></span> <span class='ocrx_word' id='word_1_118' title='bbox 977 2086 1094 2158; x_wconf 88' lang='lat' dir='ltr'><strong>plausus</strong></span> <span class='ocrx_word' id='word_1_119' title='bbox 1116 2084 1201 2142; x_wconf 89' lang='lat' dir='ltr'><strong>datur</strong></span> 
     </span>
     <span class='ocr_line' id='line_1_21' title="bbox 230 2169 1186 2244; baseline 0.003 -17"><span class='ocrx_word' id='word_1_120' title='bbox 230 2170 348 2230; x_wconf 83' lang='lat' dir='ltr'><strong>Levitae</strong></span> <span class='ocrx_word' id='word_1_121' title='bbox 369 2172 550 2244; x_wconf 88' lang='lat' dir='ltr'><strong>supplicium.</strong></span> <span class='ocrx_word' id='word_1_122' title='bbox 844 2173 900 2231; x_wconf 88' lang='lat' dir='ltr'><strong>Per</strong></span> <span class='ocrx_word' id='word_1_123' title='bbox 923 2175 1040 2229; x_wconf 90' lang='lat' dir='ltr'><strong>aeterna</strong></span> <span class='ocrx_word' id='word_1_124' title='bbox 1062 2169 1186 2231; x_wconf 86' lang='lat' dir='ltr'><strong>saecula.</strong></span> 
     </span>
    </p>
   </div>
   <div class='ocr_carea' id='block_1_7' title="bbox 134 2271 1309 2775">
    <p class='ocr_par' dir='ltr' id='par_1_7' title="bbox 134 2271 1309 2775">
     <span class='ocr_line' id='line_1_22' title="bbox 134 2271 1309 2349; baseline -0.003 -16"><span class='ocrx_word' id='word_1_125' title='bbox 134 2275 162 2333; x_wconf 88' lang='grc'><strong>3.</strong></span> <span class='ocrx_word' id='word_1_126' title='bbox 187 2272 321 2332; x_wconf 88' lang='lat' dir='ltr'><strong>Sanctum</strong></span> <span class='ocrx_word' id='word_1_127' title='bbox 344 2274 452 2332; x_wconf 91' lang='lat' dir='ltr'><strong>ducunt</strong></span> <span class='ocrx_word' id='word_1_128' title='bbox 475 2275 540 2333; x_wconf 94' lang='lat' dir='ltr'><strong>dum</strong></span> <span class='ocrx_word' id='word_1_129' title='bbox 561 2282 683 2334; x_wconf 85' lang='lat' dir='ltr'><strong>tortores</strong></span> <span class='ocrx_word' id='word_1_130' title='bbox 750 2280 779 2339; x_wconf 89' lang='grc'><strong>6.</strong></span> <span class='ocrx_word' id='word_1_131' title='bbox 803 2276 917 2347; x_wconf 88' lang='lat' dir='ltr'><strong>Martyr</strong></span> <span class='ocrx_word' id='word_1_132' title='bbox 940 2278 1081 2349; x_wconf 89' lang='lat' dir='ltr'><strong>constans,</strong></span> <span class='ocrx_word' id='word_1_133' title='bbox 1113 2272 1190 2345; x_wconf 85' lang='lat' dir='ltr'><strong>pugil</strong></span> <span class='ocrx_word' id='word_1_134' title='bbox 1216 2271 1309 2343; x_wconf 87' lang='lat' dir='ltr'><strong>fortis,</strong></span> 
     </span>
     <span class='ocr_line' id='line_1_23' title="bbox 228 2357 1156 2433; baseline -0.003 -15"><span class='ocrx_word' id='word_1_135' title='bbox 228 2358 339 2418; x_wconf 82' lang='lat' dir='ltr'><strong>Sixtum</strong></span> <span class='ocrx_word' id='word_1_136' title='bbox 362 2360 399 2419; x_wconf 93' lang='lat' dir='ltr'><strong>ad</strong></span> <span class='ocrx_word' id='word_1_137' title='bbox 422 2361 603 2433; x_wconf 91' lang='lat' dir='ltr'><strong>supplicium,</strong></span> <span class='ocrx_word' id='word_1_138' title='bbox 844 2359 991 2429; x_wconf 85' lang='lat' dir='ltr'><strong>Laurenti,</strong></span> <span class='ocrx_word' id='word_1_139' title='bbox 1012 2357 1156 2432; x_wconf 89' lang='lat' dir='ltr'><strong>propitius</strong></span> 
     </span>
     <span class='ocr_line' id='line_1_24' title="bbox 189 2443 1226 2516; baseline -0.002 -13"><span class='ocrx_word' id='word_1_140' title='bbox 189 2445 245 2503; x_wconf 88' lang='lat' dir='ltr'><strong>Cur</strong></span> <span class='ocrx_word' id='word_1_141' title='bbox 267 2444 355 2504; x_wconf 87' lang='lat' dir='ltr'><strong>levita</strong></span> <span class='ocrx_word' id='word_1_142' title='bbox 377 2443 433 2503; x_wconf 88' lang='lat' dir='ltr'><strong>fert</strong></span> <span class='ocrx_word' id='word_1_143' title='bbox 456 2447 617 2505; x_wconf 77' lang='lat' dir='ltr'><strong>clamores?</strong></span> <span class='ocrx_word' id='word_1_144' title='bbox 800 2446 845 2506; x_wconf 91' lang='lat' dir='ltr'><strong>Sis</strong></span> <span class='ocrx_word' id='word_1_145' title='bbox 867 2445 949 2504; x_wconf 89' lang='lat' dir='ltr'><strong>nobis</strong></span> <span class='ocrx_word' id='word_1_146' title='bbox 971 2444 1001 2502; x_wconf 93' lang='lat' dir='ltr'><strong>in</strong></span> <span class='ocrx_word' id='word_1_147' title='bbox 1023 2444 1095 2502; x_wconf 89' lang='lat' dir='ltr'><strong>hora</strong></span> <span class='ocrx_word' id='word_1_148' title='bbox 1117 2444 1226 2516; x_wconf 87' lang='lat' dir='ltr'><strong>mortis,</strong></span> 
     </span>
     <span class='ocr_line' id='line_1_25' title="bbox 230 2529 1206 2604; baseline -0.001 -17"><span class='ocrx_word' id='word_1_149' title='bbox 230 2530 341 2603; x_wconf 88' lang='lat' dir='ltr'><strong>Inquit:</strong></span> <span class='ocrx_word' id='word_1_150' title='bbox 365 2537 457 2604; x_wconf 89' lang='lat' dir='ltr'><strong>pater,</strong></span> <span class='ocrx_word' id='word_1_151' title='bbox 480 2531 569 2591; x_wconf 89' lang='lat' dir='ltr'><strong>fitium</strong></span> <span class='ocrx_word' id='word_1_152' title='bbox 844 2531 888 2589; x_wconf 87' lang='lat' dir='ltr'><strong>Ne</strong></span> <span class='ocrx_word' id='word_1_153' title='bbox 910 2548 961 2590; x_wconf 88' lang='lat' dir='ltr'><strong>nos</strong></span> <span class='ocrx_word' id='word_1_154' title='bbox 983 2529 1080 2588; x_wconf 88' lang='lat' dir='ltr'><strong>turbet</strong></span> <span class='ocrx_word' id='word_1_155' title='bbox 1101 2529 1206 2602; x_wconf 89' lang='lat' dir='ltr'><strong>impius</strong></span> 
     </span>
     <span class='ocr_line' id='line_1_26' title="bbox 185 2614 1269 2691; baseline -0.005 -15"><span class='ocrx_word' id='word_1_156' title='bbox 185 2614 287 2687; x_wconf 80' lang='lat' dir='ltr'><strong>onere,</strong></span> <span class='ocrx_word' id='word_1_157' title='bbox 311 2622 379 2675; x_wconf 88' lang='lat' dir='ltr'><strong>sunt</strong></span> <span class='ocrx_word' id='word_1_158' title='bbox 400 2617 452 2675; x_wconf 88' lang='lat' dir='ltr'><strong>tibi</strong></span> <span class='ocrx_word' id='word_1_159' title='bbox 474 2634 576 2687; x_wconf 90' lang='lat' dir='ltr'><strong>mores,</strong></span> <span class='ocrx_word' id='word_1_160' title='bbox 800 2619 938 2691; x_wconf 84' lang='lat' dir='ltr'><strong>Daemon,</strong></span> <span class='ocrx_word' id='word_1_161' title='bbox 961 2617 1048 2674; x_wconf 87' lang='lat' dir='ltr'><strong>simus</strong></span> <span class='ocrx_word' id='word_1_162' title='bbox 1070 2617 1121 2674; x_wconf 87' lang='lat' dir='ltr'><strong>sed</strong></span> <span class='ocrx_word' id='word_1_163' title='bbox 1144 2615 1269 2674; x_wconf 84' lang='lat' dir='ltr'><strong>cohortis</strong></span> 
     </span>
     <span class='ocr_line' id='line_1_27' title="bbox 226 2701 1161 2775; baseline 0 -16"><span class='ocrx_word' id='word_1_164' title='bbox 226 2702 340 2760; x_wconf 89' lang='lat' dir='ltr'><strong>Mecum</strong></span> <span class='ocrx_word' id='word_1_165' title='bbox 362 2702 544 2767; x_wconf 83' lang='lat' dir='ltr'><strong>sacrificium.</strong></span> <span class='ocrx_word' id='word_1_166' title='bbox 843 2704 995 2762; x_wconf 89' lang='lat' dir='ltr'><strong>Consortes</strong></span> <span class='ocrx_word' id='word_1_167' title='bbox 1021 2701 1161 2775; x_wconf 89' lang='lat' dir='ltr'><strong>superius.</strong></span> 
     </span>
    </p>
   </div>
   <div class='ocr_carea' id='block_1_8' title="bbox 463 2804 967 3293">
    <p class='ocr_par' dir='ltr' id='par_1_8' title="bbox 463 2804 967 3293">
     <span class='ocr_line' id='line_1_28' title="bbox 463 2804 929 2878; baseline -0.002 -13"><span class='ocrx_word' id='word_1_168' title='bbox 463 2808 491 2866; x_wconf 81' lang='lat'><strong>7.</strong></span> <span class='ocrx_word' id='word_1_169' title='bbox 516 2806 602 2878; x_wconf 85' lang='lat' dir='ltr'><strong>laus,</strong></span> <span class='ocrx_word' id='word_1_170' title='bbox 625 2807 716 2865; x_wconf 84' lang='lat' dir='ltr'><strong>horror</strong></span> <span class='ocrx_word' id='word_1_171' title='bbox 738 2806 777 2864; x_wconf 91' lang='lat' dir='ltr'><strong>sit</strong></span> <span class='ocrx_word' id='word_1_172' title='bbox 798 2804 929 2877; x_wconf 87' lang='lat' dir='ltr'><strong>trinitati,</strong></span> 
     </span>
     <span class='ocr_line' id='line_1_29' title="bbox 573 2888 892 2965; baseline -0.006 -14"><span class='ocrx_word' id='word_1_173' title='bbox 573 2892 664 2965; x_wconf 89' lang='lat' dir='ltr'><strong>Patri,</strong></span> <span class='ocrx_word' id='word_1_174' title='bbox 687 2897 763 2964; x_wconf 90' lang='lat' dir='ltr'><strong>nato,</strong></span> <span class='ocrx_word' id='word_1_175' title='bbox 784 2888 892 2949; x_wconf 87' lang='lat' dir='ltr'><strong>flamini</strong></span> 
     </span>
     <span class='ocr_line' id='line_1_30' title="bbox 519 2977 817 3052; baseline -0.007 -17"><span class='ocrx_word' id='word_1_176' title='bbox 519 2978 559 3035; x_wconf 87' lang='lat' dir='ltr'><strong>Et</strong></span> <span class='ocrx_word' id='word_1_177' title='bbox 582 2977 683 3036; x_wconf 86' lang='lat' dir='ltr'><strong>unicae</strong></span> <span class='ocrx_word' id='word_1_178' title='bbox 707 2977 817 3052; x_wconf 87' lang='lat' dir='ltr'><strong>deitati,</strong></span> 
     </span>
     <span class='ocr_line' id='line_1_31' title="bbox 561 3061 967 3134; baseline 0.002 -14"><span class='ocrx_word' id='word_1_179' title='bbox 561 3063 650 3134; x_wconf 77' lang='lat' dir='ltr'><strong>Quam</strong></span> <span class='ocrx_word' id='word_1_180' title='bbox 671 3063 822 3120; x_wconf 87' lang='lat' dir='ltr'><strong>credentes</strong></span> <span class='ocrx_word' id='word_1_181' title='bbox 845 3061 967 3121; x_wconf 91' lang='lat' dir='ltr'><strong>culmine</strong></span> 
     </span>
     <span class='ocr_line' id='line_1_32' title="bbox 519 3144 875 3222; baseline -0.014 -15"><span class='ocrx_word' id='word_1_182' title='bbox 519 3147 598 3207; x_wconf 87' lang='lat' dir='ltr'><strong>Coeli</strong></span> <span class='ocrx_word' id='word_1_183' title='bbox 618 3148 778 3222; x_wconf 82' lang='lat' dir='ltr'><strong>jnnguntur</strong></span> <span class='ocrx_word' id='word_1_184' title='bbox 799 3144 875 3205; x_wconf 90' lang='lat' dir='ltr'><strong>beati</strong></span> 
     </span>
     <span class='ocr_line' id='line_1_33' title="bbox 561 3231 940 3293; baseline 0 -2"><span class='ocrx_word' id='word_1_185' title='bbox 561 3232 676 3293; x_wconf 78' lang='lat' dir='ltr'><strong>Laudm</strong></span> <span class='ocrx_word' id='word_1_186' title='bbox 699 3233 801 3291; x_wconf 90' lang='lat' dir='ltr'><strong>dantes</strong></span> <span class='ocrx_word' id='word_1_187' title='bbox 823 3231 940 3291; x_wconf 88' lang='lat' dir='ltr'><strong>numini.</strong></span> 
     </span>
    </p>
   </div>
   <div class='ocr_carea' id='block_1_9' title="bbox 126 3346 1306 3469">
    <p class='ocr_par' dir='ltr' id='par_1_9' title="bbox 126 3346 1306 3469">
     <span class='ocr_line' id='line_1_34' title="bbox 126 3346 1306 3468; baseline -0.003 -69"><span class='ocrx_word' id='word_1_188' title='bbox 126 3417 172 3468; x_wconf 69' lang='lat' dir='ltr'><strong>(ei</strong></span> <span class='ocrx_word' id='word_1_189' title='bbox 195 3350 271 3400; x_wconf 89' lang='lat' dir='ltr'><strong>Brev.</strong></span> <span class='ocrx_word' id='word_1_190' title='bbox 294 3349 451 3400; x_wconf 84' lang='lat' dir='ltr'><strong>Celsonenso</strong></span> <span class='ocrx_word' id='word_1_191' title='bbox 475 3353 536 3416; x_wconf 90' lang='lat' dir='ltr'><strong>imp.</strong></span> <span class='ocrx_word' id='word_1_192' title='bbox 562 3352 788 3417; x_wconf 83' lang='lat' dir='ltr'><strong>Caesaraugustae</strong></span> <span class='ocrx_word' id='word_1_193' title='bbox 813 3346 885 3399; x_wconf 79' lang='lat'><strong>1514.</strong></span> <span class='ocrx_word' id='word_1_194' title='bbox 919 3375 951 3383; x_wconf 92' lang='lat'>-</span> <span class='ocrx_word' id='word_1_195' title='bbox 981 3348 1127 3398; x_wconf 81' lang='lat' dir='ltr'><strong>Veriasser:</strong></span> <span class='ocrx_word' id='word_1_196' title='bbox 1153 3348 1306 3412; x_wconf 77' lang='lat' dir='ltr'><strong>Auorrymus</strong></span> 
     </span>
     <span class='ocr_line' id='line_1_35' title="bbox 141 3419 302 3469; baseline 0 -2"><span class='ocrx_word' id='word_1_197' title='bbox 141 3419 148 3440; x_wconf 70' lang='lat'>⁹</span> <span class='ocrx_word' id='word_1_198' title='bbox 173 3420 302 3469; x_wconf 85' lang='lat' dir='ltr'><strong>senensis.</strong></span> 
     </span>
    </p>
   </div>
   <div class='ocr_carea' id='block_1_10' title="bbox 498 3549 926 3726">
    <p class='ocr_par' dir='ltr' id='par_1_10' title="bbox 498 3549 926 3726">
     <span class='ocr_line' id='line_1_36' title="bbox 498 3549 926 3609; baseline 0 -2"><span class='ocrx_word' id='word_1_199' title='bbox 498 3550 557 3607; x_wconf 81' lang='grc'><strong>337.</strong></span> <span class='ocrx_word' id='word_1_200' title='bbox 592 3551 630 3609; x_wconf 82' lang='lat' dir='ltr'><strong>aa</strong></span> <span class='ocrx_word' id='word_1_201' title='bbox 648 3552 746 3609; x_wconf 87' lang='lat' dir='ltr'><strong>sancto</strong></span> <span class='ocrx_word' id='word_1_202' title='bbox 765 3549 926 3608; x_wconf 81' lang='lat' dir='ltr'><strong>Laurentio.</strong></span> 
     </span>
     <span class='ocr_line' id='line_1_37' title="bbox 616 3655 817 3726; baseline -0.005 -17"><span class='ocrx_word' id='word_1_203' title='bbox 616 3655 659 3709; x_wconf 83' lang='lat' dir='ltr'><strong>nd</strong></span> <span class='ocrx_word' id='word_1_204' title='bbox 677 3657 817 3726; x_wconf 79' lang='lat' dir='ltr'><strong>vesperas.</strong></span> 
     </span>
    </p>
   </div>
   <div class='ocr_carea' id='block_1_11' title="bbox 129 3761 1231 4092">
    <p class='ocr_par' dir='ltr' id='par_1_11' title="bbox 129 3761 1231 4092">
     <span class='ocr_line' id='line_1_38' title="bbox 129 3761 1171 3836; baseline -0.001 -15"><span class='ocrx_word' id='word_1_205' title='bbox 129 3761 156 3821; x_wconf 92' lang='lat'><strong>1.</strong></span> <span class='ocrx_word' id='word_1_206' title='bbox 180 3761 289 3820; x_wconf 87' lang='lat' dir='ltr'><strong>Chorus</strong></span> <span class='ocrx_word' id='word_1_207' title='bbox 309 3771 406 3822; x_wconf 88' lang='lat' dir='ltr'><strong>noster</strong></span> <span class='ocrx_word' id='word_1_208' title='bbox 424 3764 591 3823; x_wconf 89' lang='lat' dir='ltr'><strong>solemniter</strong></span> <span class='ocrx_word' id='word_1_209' title='bbox 743 3767 771 3826; x_wconf 84' lang='grc'><strong>3.</strong></span> <span class='ocrx_word' id='word_1_210' title='bbox 795 3765 906 3822; x_wconf 88' lang='lat' dir='ltr'><strong>Furens</strong></span> <span class='ocrx_word' id='word_1_211' title='bbox 928 3765 972 3822; x_wconf 90' lang='lat' dir='ltr'><strong>ira</strong></span> <span class='ocrx_word' id='word_1_212' title='bbox 992 3779 1063 3836; x_wconf 88' lang='lat' dir='ltr'><strong>prae</strong></span> <span class='ocrx_word' id='word_1_213' title='bbox 1083 3763 1171 3821; x_wconf 91' lang='lat' dir='ltr'><strong>nimia</strong></span> 
     </span>
     <span class='ocr_line' id='line_1_39' title="bbox 179 3847 1153 3921; baseline 0.001 -15"><span class='ocrx_word' id='word_1_214' title='bbox 179 3847 312 3906; x_wconf 83' lang='lat' dir='ltr'><strong>Exsultet</strong></span> <span class='ocrx_word' id='word_1_215' title='bbox 336 3854 363 3906; x_wconf 87' lang='lat' dir='ltr'><strong>et</strong></span> <span class='ocrx_word' id='word_1_216' title='bbox 387 3850 569 3908; x_wconf 86' lang='lat' dir='ltr'><strong>concorditer</strong></span> <span class='ocrx_word' id='word_1_217' title='bbox 796 3849 931 3908; x_wconf 86' lang='lat' dir='ltr'><strong>Recurrit</strong></span> <span class='ocrx_word' id='word_1_218' title='bbox 952 3848 989 3907; x_wconf 88' lang='lat' dir='ltr'><strong>ad</strong></span> <span class='ocrx_word' id='word_1_219' title='bbox 1010 3848 1153 3921; x_wconf 85' lang='lat' dir='ltr'><strong>supplicia</strong></span> 
     </span>
     <span class='ocr_line' id='line_1_40' title="bbox 180 3932 1229 4008; baseline 0.001 -19"><span class='ocrx_word' id='word_1_220' title='bbox 180 3933 213 3990; x_wconf 89' lang='lat' dir='ltr'><strong>ln</strong></span> <span class='ocrx_word' id='word_1_221' title='bbox 237 3932 289 3990; x_wconf 89' lang='lat' dir='ltr'><strong>hoc</strong></span> <span class='ocrx_word' id='word_1_222' title='bbox 311 3932 385 3992; x_wconf 90' lang='lat' dir='ltr'><strong>festo</strong></span> <span class='ocrx_word' id='word_1_223' title='bbox 408 3934 557 3993; x_wconf 84' lang='lat' dir='ltr'><strong>Laurentii</strong></span> <span class='ocrx_word' id='word_1_224' title='bbox 795 3935 920 4008; x_wconf 87' lang='lat' dir='ltr'><strong>Sperans</strong></span> <span class='ocrx_word' id='word_1_225' title='bbox 942 3934 1091 3993; x_wconf 87' lang='lat' dir='ltr'><strong>tormentis</strong></span> <span class='ocrx_word' id='word_1_226' title='bbox 1114 3932 1229 3991; x_wconf 88' lang='lat' dir='ltr'><strong>flectere</strong></span> 
     </span>
     <span class='ocr_line' id='line_1_41' title="bbox 181 4017 1231 4092; baseline 0.004 -17"><span class='ocrx_word' id='word_1_227' title='bbox 181 4017 342 4077; x_wconf 89' lang='lat' dir='ltr'><strong>Tormentis</strong></span> <span class='ocrx_word' id='word_1_228' title='bbox 363 4017 440 4077; x_wconf 87' lang='lat' dir='ltr'><strong>flecti</strong></span> <span class='ocrx_word' id='word_1_229' title='bbox 464 4020 562 4082; x_wconf 87' lang='lat' dir='ltr'><strong>nescii.</strong></span> <span class='ocrx_word' id='word_1_230' title='bbox 796 4020 931 4079; x_wconf 88' lang='lat' dir='ltr'><strong>Sanctum</strong></span> <span class='ocrx_word' id='word_1_231' title='bbox 954 4019 1017 4092; x_wconf 84' lang='lat' dir='ltr'><strong>Dei,</strong></span> <span class='ocrx_word' id='word_1_232' title='bbox 1041 4019 1093 4077; x_wconf 90' lang='lat' dir='ltr'><strong>sed</strong></span> <span class='ocrx_word' id='word_1_233' title='bbox 1116 4025 1231 4080; x_wconf 89' lang='lat' dir='ltr'><strong>temore.</strong></span> 
     </span>
    </p>
   </div>
   <div class='ocr_carea' id='block_1_12' title="bbox 127 4120 1227 4530">
    <p class='ocr_par' dir='ltr' id='par_1_12' title="bbox 127 4120 1227 4455">
     <span class='ocr_line' id='line_1_42' title="bbox 127 4120 1147 4198; baseline 0 -18"><span class='ocrx_word' id='word_1_234' title='bbox 127 4123 156 4183; x_wconf 86' lang='lat'><strong>2.</strong></span> <span class='ocrx_word' id='word_1_235' title='bbox 181 4120 277 4180; x_wconf 84' lang='lat' dir='ltr'><strong>Reddi</strong></span> <span class='ocrx_word' id='word_1_236' title='bbox 300 4121 355 4179; x_wconf 90' lang='lat' dir='ltr'><strong>sihi</strong></span> <span class='ocrx_word' id='word_1_237' title='bbox 378 4139 462 4195; x_wconf 91' lang='lat' dir='ltr'><strong>quam</strong></span> <span class='ocrx_word' id='word_1_238' title='bbox 486 4123 569 4181; x_wconf 88' lang='lat' dir='ltr'><strong>citius</strong></span> <span class='ocrx_word' id='word_1_239' title='bbox 743 4128 772 4186; x_wconf 90' lang='lat'><strong>4.</strong></span> <span class='ocrx_word' id='word_1_240' title='bbox 797 4124 906 4198; x_wconf 82' lang='lat' dir='ltr'><strong>Ligatis</strong></span> <span class='ocrx_word' id='word_1_241' title='bbox 929 4120 997 4182; x_wconf 87' lang='lat' dir='ltr'><strong>fune</strong></span> <span class='ocrx_word' id='word_1_242' title='bbox 1017 4122 1147 4182; x_wconf 87' lang='lat' dir='ltr'><strong>manibus</strong></span> 
     </span>
     <span class='ocr_line' id='line_1_43' title="bbox 177 4205 1168 4282; baseline 0.003 -19"><span class='ocrx_word' id='word_1_243' title='bbox 177 4205 338 4265; x_wconf 88' lang='lat' dir='ltr'><strong>Thesauros</strong></span> <span class='ocrx_word' id='word_1_244' title='bbox 359 4208 433 4280; x_wconf 88' lang='lat' dir='ltr'><strong>petit</strong></span> <span class='ocrx_word' id='word_1_245' title='bbox 454 4208 569 4282; x_wconf 90' lang='lat' dir='ltr'><strong>Decius,</strong></span> <span class='ocrx_word' id='word_1_246' title='bbox 793 4210 916 4268; x_wconf 86' lang='lat' dir='ltr'><strong>Rotatur</strong></span> <span class='ocrx_word' id='word_1_247' title='bbox 938 4224 1025 4282; x_wconf 90' lang='lat' dir='ltr'><strong>super</strong></span> <span class='ocrx_word' id='word_1_248' title='bbox 1046 4208 1168 4282; x_wconf 83' lang='lat' dir='ltr'><strong>ignibus,</strong></span> 
     </span>
     <span class='ocr_line' id='line_1_44' title="bbox 178 4292 1151 4365; baseline 0.004 -16"><span class='ocrx_word' id='word_1_249' title='bbox 178 4292 254 4362; x_wconf 85' lang='lat' dir='ltr'><strong>Quos</strong></span> <span class='ocrx_word' id='word_1_250' title='bbox 277 4292 413 4365; x_wconf 86' lang='lat' dir='ltr'><strong>dispersit</strong></span> <span class='ocrx_word' id='word_1_251' title='bbox 437 4294 607 4355; x_wconf 80' lang='lat' dir='ltr'><strong>Laurentius</strong></span> <span class='ocrx_word' id='word_1_252' title='bbox 794 4295 990 4355; x_wconf 81' lang='lat' dir='ltr'><strong>candescente</strong></span> <span class='ocrx_word' id='word_1_253' title='bbox 1012 4294 1151 4354; x_wconf 87' lang='lat' dir='ltr'><strong>craticula</strong></span> 
     </span>
     <span class='ocr_line' id='line_1_45' title="bbox 177 4375 1227 4455; baseline 0.007 -20"><span class='ocrx_word' id='word_1_254' title='bbox 177 4375 333 4451; x_wconf 78' lang='lat' dir='ltr'><strong>Erogando</strong></span> <span class='ocrx_word' id='word_1_255' title='bbox 356 4377 478 4438; x_wconf 80' lang='lat' dir='ltr'><strong>feticius.</strong></span> <span class='ocrx_word' id='word_1_256' title='bbox 796 4380 906 4442; x_wconf 86' lang='lat' dir='ltr'><strong>Stridet</strong></span> <span class='ocrx_word' id='word_1_257' title='bbox 927 4396 1055 4454; x_wconf 89' lang='lat' dir='ltr'><strong>quaeque</strong></span> <span class='ocrx_word' id='word_1_258' title='bbox 1077 4379 1227 4455; x_wconf 87' lang='lat' dir='ltr'><strong>particula.</strong></span> 
     </span>
    </p>

    <p class='ocr_par' dir='ltr' id='par_1_13' title="bbox 1093 4477 1149 4530">
     <span class='ocr_line' id='line_1_46' title="bbox 1093 4477 1149 4530; baseline 0.036 -2"><span class='ocrx_word' id='word_1_259' title='bbox 1093 4477 1123 4530; x_wconf 88' lang='grc'><strong>13</strong></span> <span class='ocrx_word' id='word_1_260' title='bbox 1135 4477 1149 4504; x_wconf 75' lang='grc'><strong>*</strong></span> 
     </span>
    </p>
   </div>
   <div class='ocr_carea' id='block_1_13' title="bbox 0 0 1464 4868">
    <p class='ocr_par' dir='ltr' id='par_1_14' title="bbox 0 0 1464 4868">
     <span class='ocr_line' id='line_1_47' title="bbox 0 0 1464 4868; baseline 0 3"><span class='ocrx_word' id='word_1_261' title='bbox 0 0 1464 4868; x_wconf 95' lang='lat' dir='ltr'><strong> </strong></span> 
     </span>
    </p>
   </div>
  </div>
 </body>
</html>
