2918 4868
636 289 847 353 ,45-

139 463 172 523 8.
197 463 362 534 Conceptus
386 460 480 521 felicis
764 466 794 527 4.
817 464 882 522 Jam
906 468 1044 535 conceptu
1065 465 1116 524 tali

202 548 279 607 Nata
300 548 459 621 genitricis,
818 549 1037 623 Supernaturali

202 633 305 692 Annae
327 633 395 706 piae
416 635 516 693 matris
818 633 935 708 Refugit
957 634 1071 692 auditus

201 717 392 791 Joaehimque
414 721 514 792 patris.
819 722 867 780 Ad
889 720 991 779 salutis
1011 720 1089 779 litus.

509 843 538 901 5.
562 840 643 900 Patri
663 841 726 899 laus
747 847 776 899 et
797 847 876 912 nato,

562 927 687 984 Flamini
709 925 803 999 beato,

562 1011 625 1070 Lux
647 1012 836 1084 perennitatis

557 1098 634 1157 Aroe
655 1098 802 1159 claritatis.

222 1218 297 1266 Brev.
316 1215 463 1282 Sigenenae
479 1217 542 1282 imp.
561 1214 786 1282 Caesaraugustae
807 1213 879 1266 1547.

532 1448 574 1506 37.
609 1448 640 1506 lu
659 1447 840 1523 conceptione
859 1449 936 1506 BllV.

623 1587 666 1641 Ad
684 1587 856 1643 Nocturnum.

152 1731 182 1790 1.
208 1729 340 1788 Resultet
361 1729 392 1787 in
414 1729 539 1807 imagine
769 1734 798 1792 3.
823 1732 871 1791 Fit
893 1732 1001 1804 angelis
1023 1730 1135 1789 laetitia

205 1815 326 1887 Sculpta
348 1814 441 1888 patris
462 1815 493 1873 in
514 1831 582 1874 area
822 1817 977 1891 Virginalis
1005 1816 1161 1888 conceptio,

205 1901 286 1973 Opus
307 1901 337 1958 in
360 1900 416 1959 hoc
436 1901 581 1977 voragine,
821 1903 879 1962 Per
900 1919 983 1975 quam
1006 1902 1084 1959 tollis
1105 1899 1223 1973 flagitia,

203 1985 286 2044 Lux
309 2001 399 2043 ecee
418 1989 545 2059 surgit
567 2002 693 2046 aurea.
822 1988 928 2059 lesu,
952 1984 1329 2058 nostraredemptio.

142 2127 181 2204 ⁵2.
208 2122 329 2195 Sculpta
350 2128 393 2180 est
416 2123 487 2181 haee
510 2124 675 2196 virguncula
769 2128 799 2186 4.
822 2125 876 2183 Est
897 2122 1026 2182 illibatae
1050 2121 1168 2195 virginis

202 2208 288 2269 Almo
310 2215 450 2281 concepta
470 2209 587 2282 semine,
826 2208 1027 2280 conceptionis
1047 2206 1167 2280 novitas,

202 2294 261 2352 Per
281 2301 311 2351 te
333 2291 424 2367 fulget
445 2295 475 2353 iu
497 2296 621 2367 saecula,
823 2299 912 2369 Quam
936 2294 1054 2351 decoras
1078 2290 1141 2349 fons
1163 2291 1287 2367 luminu,

204 2380 344 2438 Rerum
367 2386 528 2439 creator
548 2381 699 2454 optime.
824 2381 875 2439 Tu
897 2379 1100 2438 trinitatis
1122 2377 1259 2436 unitas.

461 2503 490 2562 5.
512 2500 599 2559 Trino
621 2502 733 2561 Decet
755 2500 838 2558 unieo

513 2584 557 2644 Sit
578 2586 673 2644 laudis
694 2586 785 2644 honor
809 2585 931 2658 debitus,

512 2672 591 2731 Paua
612 2687 664 2730 nos
687 2669 752 2731 iore
773 2672 902 2744 mystico,

511 2758 623 2831 Veni,
647 2763 802 2815 creator
823 2757 999 2831 spiritus,

219 2875 296 2925 Brev.
310 2874 425 2925 Oseense
438 2879 465 2925 et
473 2874 601 2925 Jaeoense
612 2877 675 2940 imp.
686 2877 912 2940 Caesaraugustae
927 2870 1000 2923 1505.
1014 2875 1044 2923 Λ.
1059 2903 1090 2910 -
1100 2875 1177 2923 Brav.
1187 2874 1332 2939 Sigenense

149 2946 215 3008 imp.
235 2944 463 3008 Caesaraugustae
488 2940 562 2993 1547.
580 2945 610 2993 B.
629 2971 661 2979 -
688 2942 716 3004 l,
743 2941 754 2993 1
780 2945 809 2992 in
832 2943 898 2992 fehlt
913 2944 944 2991 Λ.
964 2972 996 2979 -
1018 2940 1043 3001 l,
1067 2939 1129 2991 2in
1147 2958 1209 2991 aera
1226 2944 1280 2991 AB.
1300 2969 1328 2976 --

147 3010 180 3073 l,
207 3008 225 3062 3
250 3012 277 3061 in
304 3012 354 3061 hoc
372 3014 489 3077 margine
507 3011 538 3063 A.
558 3038 590 3047 -
609 3008 638 3073 2,
664 3009 790 3061 lOeulta
808 3012 873 3062 haee
891 3011 926 3069 A;
951 3011 1061 3075 Seulpta
1078 3011 1142 3060 haec
1161 3011 1190 3059 B.
1208 3037 1243 3046 -
1260 3008 1289 3068 2,
1314 3007 1330 3058 2

147 3081 227 3131 Almo
247 3088 288 3130 est
305 3085 433 3145 concepta
449 3082 479 3131 B.
497 3105 531 3115 -
549 3077 574 3145 2,
595 3079 607 3130 1
627 3081 669 3131 Sit
686 3081 788 3145 angelis
806 3080 837 3129 Α.
855 3109 888 3117 -
907 3076 931 3141 3,
955 3077 1031 3129 lEst
1048 3078 1153 3129 illibata
1170 3080 1281 3144 virginis
1294 3080 1330 3139 A,

149 3149 203 3199 Est
220 3148 343 3198 illibatae
360 3149 459 3213 virgini
476 3150 505 3199 B.
523 3174 558 3183 -
575 3145 600 3209 3,
618 3146 635 3199 3
653 3151 738 3212 Quam
756 3149 881 3200 decorans
900 3149 973 3198 floris
993 3147 1101 3197 luminis
1120 3148 1150 3196 Α.
1171 3173 1200 3180 -
1220 3143 1244 3209 3,
1262 3145 1331 3196 ‹lTu

146 3218 258 3268 trinitas
276 3222 306 3266 tu
324 3218 413 3266 unitas
430 3217 464 3267 A.
483 3241 513 3254 -
532 3214 558 3280 4,
577 3213 593 3268 3
610 3234 659 3268 nos
678 3219 766 3269 refove
784 3219 813 3268 B.

537 3448 579 3507 38.
614 3448 646 3507 lu
665 3448 848 3522 direptione
866 3450 945 3507 lillV.

655 3587 698 3641 Ad
715 3588 830 3644 Laudes.

148 3732 176 3791 1.
204 3730 240 3789 ln
261 3727 380 3786 sedibus
399 3727 583 3788 hierarchicis
768 3733 796 3791 3.
821 3732 877 3790 Per
900 3738 937 3802 te,
961 3732 1051 3807 virgo,
1075 3730 1259 3803 renaseimur,

205 3813 278 3873 Cum
304 3812 432 3872 coetibus
453 3815 590 3888 angelicis
822 3817 959 3874 Potamur
981 3821 1066 3889 atque
1090 3817 1243 3889 pascimur,

204 3898 315 3958 Nostra
337 3899 472 3974 consigna
490 3902 612 3975 nomina,
820 3904 898 3974 Quae
920 3902 1024 3976 gaudia
1047 3901 1098 3960 das
1121 3919 1223 3974 annua,

203 3984 432 4058 Ogloriosa
454 3987 611 4046 domina.
821 3988 874 4046 Tu
895 3988 1000 4061 regis
1023 3988 1097 4045 alti
1116 3988 1243 4059 janua.

145 4127 179 4184 2.
204 4121 366 4181 Benedicta
386 4137 456 4195 prae
479 4124 581 4181 ceteris
771 4127 799 4183 4.
825 4124 912 4195 Patri,
936 4131 1011 4193 nato,
1035 4124 1149 4197 spiritui

203 4206 307 4266 Novae
328 4208 399 4280 legis
420 4214 449 4266 et
470 4210 584 4281 veteris,
825 4210 938 4268 Laudes
961 4209 1019 4267 fers
1042 4210 1132 4267 omnis
1154 4211 1221 4268 ritui

121 4286 125 4293 ’
206 4292 233 4351 T
235 4309 288 4350 uus
310 4299 465 4365 conceptus
486 4295 591 4365 attulit,
824 4295 869 4352 Ex
892 4302 940 4352 tuo
962 4296 1073 4353 stillans
1096 4297 1208 4353 nomine

203 4379 300 4452 Quod
323 4377 397 4436 Eva
419 4378 535 4437 tristis
558 4380 716 4438 abstulit.
823 4379 964 4439 Gaudium
987 4380 1138 4440 ineffabile.
