2918 4868
615 276 849 342 -121-

541 442 595 500 tat.
632 443 671 501 llo
689 445 789 501 sauma
806 443 933 502 Eulalia.

635 548 678 602 Ad
697 548 837 618 Vesperas.

143 653 172 715 1.
196 653 307 725 Gaude,
330 651 442 728 fulgens
464 655 624 714 Barcinoua
758 657 789 716 5.
809 657 854 715 Tu
876 673 915 732 ss,
938 657 1026 730 Dens,
1050 664 1145 716 rector
1167 659 1238 717 coeli

239 737 317 800 Urbs
338 741 476 799 virtulum
499 741 640 813 laudibus,
853 744 892 803 Et
912 748 1055 802 scrutabor
1076 743 1213 815 cordium,

194 825 309 884 Eulalia
330 843 413 899 quam
435 831 558 900 patrona
812 829 944 888 Ancillae
965 844 1053 903 parce
1075 828 1164 902 fideli,

236 912 320 971 Felix
341 916 425 971 ornat
446 911 567 984 ossibus,
853 915 895 976 Ut
916 915 969 973 sim
990 930 1107 973 consors
1129 914 1242 986 civium,

198 996 285 1071 Virgo
306 996 413 1070 duplici
436 1013 540 1056 corona
810 999 917 1071 Quibus
939 1015 1029 1059 nexus
1051 1000 1112 1059 reri
1135 1001 1191 1058 zeli

236 1082 373 1141 Praedita
394 1082 577 1157 martyribus.
853 1085 993 1145 Constans
1016 1092 1060 1144 est
1082 1086 1256 1150 coelestium.

140 1186 169 1245 2.
195 1184 272 1245 Galli
295 1191 379 1244 cantu
400 1201 500 1245 uersus
521 1187 574 1246 ivit
757 1191 787 1252 6.
809 1188 881 1260 Eius
903 1188 984 1260 preci
1007 1184 1089 1247 iaror
1112 1189 1205 1259 datur,

237 1270 327 1332 Urbis
349 1279 448 1344 portas
468 1272 593 1345 inclitae,
850 1273 1007 1332 Exhalavit
1027 1273 1147 1347 spiritns

195 1357 267 1425 Diis,
290 1373 458 1430 praeconem
481 1358 592 1417 audivit
809 1358 850 1419 Ut
872 1357 1011 1432 columba,
1035 1366 1187 1418 coronatur

238 1441 422 1513 Clamantem,
449 1444 515 1502 thus
538 1444 660 1521 tradits3
852 1444 922 1503 Cum
944 1445 1076 1517 supernis
1099 1445 1227 1523 coelitus,

192 1527 299 1586 Dicens
317 1529 444 1601 jndicem
467 1529 574 1589 adivit:
809 1529 919 1603 Corpus
940 1530 971 1587 in
994 1546 1077 1588 cruce
1098 1531 1219 1603 locatur,

236 1615 294 1674 cur
316 1615 370 1672 hoc
391 1616 461 1692 agis,
484 1613 619 1688 perdite?
851 1615 933 1687 Quod
956 1615 1005 1673 nix
1027 1617 1099 1675 texit
1120 1617 1243 1689 penitus.

139 1716 170 1777 3.
194 1715 356 1775 Pnenmatis
378 1734 499 1776 arcanas
522 1718 625 1776 mentis
756 1720 784 1780 7.
808 1717 910 1776 Funde
931 1733 1042 1790 preces,
1065 1735 1170 1792 sponsa
1192 1719 1309 1797 Christi,

238 1803 308 1874 lgna
329 1803 404 1862 sacri
427 1802 543 1874 ferbuit,
851 1804 907 1861 Pro
930 1803 1022 1875 nobis,
1045 1804 1168 1878 Eulalia,

194 1886 300 1946 Christi
323 1889 441 1947 vernula
463 1889 611 1947 tormentis
808 1888 849 1950 Ut
870 1889 972 1947 relicto
993 1890 1100 1948 mnodo
1122 1890 1197 1947 tristi

235 1970 334 2047 Affligi
357 1991 412 2032 non
434 1975 537 2043 timuit,
850 1975 983 2032 Volemus
1005 1975 1043 2033 ad
1066 1975 1140 2032 atria

192 2057 227 2115 ln
249 2055 374 2118 furorem
397 2061 548 2118 saevientis
808 2060 881 2133 Poll,
905 2076 977 2132 qnae
998 2066 1029 2118 tu
1052 2061 1179 2118 meruisti

235 2143 363 2217 Pugilem
386 2161 417 2202 se
439 2146 546 2203 statuit.
849 2145 905 2204 Per
928 2146 1017 2203 multa
1038 2145 1188 2218 supplicia.

137 2247 169 2306 4.
192 2244 302 2304 Furens
322 2248 412 2319 judex
436 2249 555 2309 cruciari
755 2250 785 2308 8.
807 2245 945 2323 sitlans,
968 2247 1059 2305 virtus
1082 2247 1215 2325 trinitati,

235 2332 336 2391 Poenis
355 2334 442 2406 jussit
463 2335 599 2406 trucibus,
850 2332 946 2391 Decus
968 2339 1053 2405 atque
1075 2332 1175 2405 gloria,

192 2417 247 2477 Uri
269 2424 296 2475 et
319 2420 486 2493 exungulari
806 2420 950 2478 Personas
971 2418 1063 2491 patris
1086 2427 1115 2474 et
1135 2419 1205 2491 nati,

237 2502 381 2578 (laedique
403 2504 578 2581 verberibus,
851 2503 999 2575 Flaminis,
1023 2503 1146 2560 essentia

191 2589 269 2661 Quae
291 2590 400 2663 mgavit
422 2591 554 2663 adjuvari
809 2590 932 2661 Quorum
953 2606 1018 2660 nna,
1041 2605 1097 2662 qua
1119 2587 1195 2647 beati

234 2675 333 2734 Flexis
356 2675 418 2734 Deo
439 2675 566 2750 genibus.
851 2674 967 2734 Summa
987 2672 1097 2748 fulgent
1117 2676 1221 2747 patria.

139 2860 187 2910 cel
209 2794 292 2876 Brev..
308 2791 465 2844 Celsonense
491 2797 554 2860 imp.
579 2795 806 2860 Caesaraugustae
832 2790 904 2844 1514.
929 2819 963 2828 -
984 2793 1134 2842 Verinssar:
1162 2793 1316 2857 Anonymus

189 2876 315 2911 senensis.

536 3011 590 3069 187.
626 3013 665 3069 llo
684 3015 782 3070 sancta
800 3010 925 3069 Eulalia.

144 3139 169 3196 l.
195 3137 277 3196 Nunc
299 3138 440 3209 gloriosae
462 3139 581 3215 virginis
757 3143 787 3200 3.
811 3140 834 3199 0
858 3138 947 3211 virgo,
972 3137 1064 3196 dulcis
1088 3138 1215 3209 vernula,

195 3223 250 3281 Hic
273 3225 454 3283 concinamus
477 3226 596 3298 gloriam
809 3225 886 3295 Quae
909 3224 951 3281 sic
973 3223 1083 3296 negasti
1105 3224 1227 3296 pervigil

195 3309 335 3381 Eulaliae,
358 3316 390 3368 ut
412 3312 590 3384 precantium
690 3353 692 3358 ,
809 3311 947 3382 Pompam
970 3309 1091 3367 nocendi
1114 3309 1266 3381 pessimam

196 3395 282 3454 Coelo
305 3403 433 3454 reservet
454 3397 622 3468 praemium.
809 3395 947 3452 Necnon
971 3395 1061 3452 minas
1084 3395 1241 3466 Calpurnii.

142 3499 171 3556 2.
194 3496 273 3555 llaec
294 3515 415 3572 namque
432 3499 573 3557 Christum
591 3498 705 3558 fortiter
758 3501 786 3559 4.
810 3497 871 3555 Fac
893 3511 944 3555 uos
964 3504 1115 3569 precantes
1135 3513 1252 3570 surgere

195 3582 305 3641 Dilexit
327 3592 355 3641 et
377 3601 431 3657 pro
454 3601 570 3642 munere
810 3583 843 3640 ln
866 3588 956 3639 morte
978 3583 1074 3655 lapsos
1097 3582 1235 3659 criminis,

196 3667 279 3726 Vitae
300 3671 434 3742 perennis
456 3671 589 3744 gandium
810 3666 943 3726 Salvator
964 3672 996 3726 nt
1015 3669 1073 3739 jam
1097 3669 1203 3725 saeculi

196 3752 314 3812 Confert
336 3754 473 3829 benignus
496 3757 634 3815 conditor.
809 3752 920 3811 Nouam
943 3754 1069 3811 remittat
1092 3753 1222 3815 servulis.

502 3863 530 3918 5.
554 3856 633 3916 Patri
655 3856 717 3915 Deo
740 3856 782 3914 sic
804 3855 941 3914 mittimus

552 3942 676 4015 Laudes,
700 3942 782 4000 simul
805 3943 945 4014 paraclito

551 4028 665 4099 Sancto,
690 4031 777 4086 decus
799 4026 837 4084 sit
858 4026 926 4098 filio,

552 4114 604 4185 Qui
628 4119 729 4187 regnat
750 4113 780 4170 iu
802 4120 980 4185 perpetuum.

212 4231 280 4281 Ans:
305 4233 392 4282 Aurea
409 4231 564 4296 hymnorum
583 4233 714 4296 expositio
739 4246 784 4297 per
803 4231 908 4281 Petrum
925 4229 1018 4280 Nur'taz
1036 4230 1157 4295 Dalgado
1181 4231 1244 4295 imp.
1262 4246 1283 4279 s.
1302 4230 1320 4278 l.

143 4307 170 4351 et
187 4315 211 4350 a„
229 4326 263 4334 ·-
281 4301 332 4350 biit
349 4301 395 4350 der
407 4301 586 4366 Bemerlrung:
608 4301 701 4364 ,Hunc
714 4299 838 4365 hymnum
852 4305 958 4364 rogatus
971 4302 1116 4365 composui,
1130 4306 1159 4347 ut
1170 4304 1320 4348 cantaretur

142 4372 171 4419 iu
190 4369 241 4418 hac
256 4369 371 4419 dioecesi
390 4370 544 4434 Hispalensi
563 4370 597 4419 ad
616 4369 693 4419 horas
710 4366 878 4419 matutinas.“
908 4369 1002 4417 Petrus
1020 4367 1112 4419 Nathan
1125 4366 1245 4431 Delgado
1264 4382 1319 4416 war
