2918 4868
594 275 825 338 -221-

516 476 576 533 3811.
613 475 651 533 iic
667 478 766 533 sancta
783 475 901 533 iturine.

593 597 637 651 Ad
654 597 826 653 Nocturnum.

124 724 151 782 1.
176 723 290 781 Festum
314 724 438 781 colenter
463 725 606 796 martyris,
736 726 764 784 4.
788 726 856 784 Post
879 725 970 782 minas
993 732 1020 781 et
1044 725 1185 798 supplicia

175 809 306 867 Marinae
327 809 392 882 piae
416 810 543 882 virginis,
790 810 896 869 Christi
918 810 1032 868 suffulta
1054 809 1146 882 gratia

175 894 337 952 Laudemus
358 895 413 955 Dei
435 895 533 967 tilium,
788 896 934 968 Aquamm
952 912 1046 954 111111
1067 895 1144 954 dolio

131 1038 132 1042 ,
175 979 396 1053 Redemptorem
419 980 556 1043 fidelium.
789 981 874 1040 Stetit
897 981 998 1039 illaesa
1019 981 1123 1041 medio.

123 1085 152 1144 2.
175 1084 228 1156 Qui
252 1083 324 1141 hane
344 1083 376 1140 in
397 1084 522 1156 pueritia
742 1088 770 1145 5.
795 1084 876 1142 Tunc
898 1084 978 1157 virgo
1001 1101 1085 1141 caeso
1108 1084 1202 1157 capite

176 1168 276 1225 Lotam
301 1169 329 1226 in
353 1167 487 1242 baptismi
510 1171 602 1243 gratia
792 1172 826 1228 in
850 1169 959 1228 coelum
982 1175 1060 1227 recto
1083 1169 1198 1228 tramite

176 1253 264 1311 Ducis
286 1261 427 1313 tormenta
450 1256 564 1314 vincere
792 1254 885 1313 Chore
905 1255 1005 1326 juncta
1028 1255 1155 1327 virgineo

181 1339 263 1397 Fecit
286 1339 384 1398 divino
406 1357 531 1404 munere.
792 1340 908 1399 Throao
930 1340 1012 1400 sedet
1033 1341 1063 1399 in
1086 1356 1177 1399 roseo.

126 1445 155 1502 3.
181 1445 214 1502 ln
238 1458 382 1501 carcerem
406 1443 570 1503 horrificum
741 1446 769 1505 s.
794 1443 895 1519 Hujus,
921 1443 1044 1514 Christe,
1066 1458 1119 1516 per
1139 1442 1271 1501 meritum

182 1529 350 1602 Serpentem
371 1529 566 1588 venenifemm
794 1529 901 1588 Beatus
924 1529 1003 1588 solve
1025 1528 1153 1587 debitum

179 1614 308 1675 Calcavit
326 1631 389 1672 cum
412 1616 523 1674 laetitia
794 1614 835 1673 Et
856 1614 965 1686 perduc
988 1631 1039 1673 nos
1061 1615 1099 1673 ad
1120 1614 1226 1687 gaudia

180 1700 280 1759 Crucis
302 1692 409 1759 Ch'risti
432 1702 569 1774 potentia.
793 1699 926 1760 Paradisi
949 1700 1096 1774 perennia.

483 1806 510 1865 7.
535 1804 649 1864 Summo
671 1803 731 1877 regi
752 1803 791 1860 sit
812 1802 903 1876 gloria

535 1893 592 1951 Pro
613 1889 732 1964 virginis
755 1889 883 1961 victoria,

537 1975 590 2049 Qui
613 1976 664 2034 dat
684 1975 775 2034 sacris
798 1973 954 2049 virginibus

537 2061 726 2134 Triumphare
748 2060 785 2120 de
806 2059 943 2119 hostibus.

196 2179 272 2228 Brev.
295 2195 342 2228 ms.
361 2180 591 2243 Calagurritanum
609 2195 677 2229 saec.
698 2176 737 2228 15.
760 2177 823 2230 ced.
843 2178 1028 2228 Salmantieen.
1050 2176 1105 2228 186.
1125 2180 1154 2227 ,1.
1176 2203 1208 2211 -
1227 2177 1304 2226 Brev.

126 2247 354 2312 Calagurritannm
373 2255 399 2298 et
416 2248 581 2299 Celeiateuse
598 2250 660 2313 imp.
679 2249 805 2298 Lucronii
825 2242 898 2297 1543.
916 2249 945 2297 B.

519 2498 581 2556 ate.
618 2498 655 2555 iio
673 2500 773 2556 sancte
789 2498 908 2556 iiarina.

580 2622 611 2675 In
631 2620 708 2690 Vesp.
726 2627 753 2675 et
769 2621 853 2676 Laud.

131 2749 158 2807 1.
184 2746 311 2805 Gradum
334 2762 486 2818 supernum
510 2746 618 2819 eligens
745 2749 773 2807 3.
797 2749 830 2806 in
854 2747 976 2805 carceris
999 2747 1142 2818 ergastulo

181 2833 305 2904 Mariua,
327 2832 407 2905 virgo
430 2832 544 2904 sapiens
797 2832 883 2891 Panis
906 2833 988 2890 vivus
1010 2831 1138 2899 reiectio,

97 2920 99 2925 ’
181 2918 225 2976 Ι)1
247 2934 363 2975 numero
386 2917 579 2990 prudentium,
798 2919 867 2977 Post
887 2918 1094 2990 transitumque
1116 2916 1228 2985 meruit,

183 3003 362 3076 Exspectans
384 3019 519 3076 sponsum
541 3004 691 3076 virginum,
797 3002 886 3064 Cibus
909 3003 1015 3076 duplex
1037 3003 1079 3060 illi
1103 3000 1165 3060 fuit.
1275 3022 1278 3028 ·

130 3109 160 3169 2.
184 3106 221 3166 Se
243 3121 398 3178 congerens
420 3106 629 3165 sanctissimum
746 3106 882 3181 41111,
906 3105 1004 3180 honor,
1030 3105 1128 3176 virtus,
1151 3104 1243 3177 glorie

183 3192 283 3251 Cmeis
306 3191 413 3251 Christi
435 3191 611 3267 signaculum
799 3192 861 3250 Deo
883 3191 959 3264 patri
982 3197 1012 3247 et
1033 3190 1101 3264 tilio,

182 3278 230 3337 Ad
252 3277 377 3336 aetheris
399 3277 546 3335 introitum
799 3276 904 3336 Sancto
926 3275 1009 3333 simui
1032 3275 1171 3348 paraclito

183 3362 378 3422 Benedicebat
399 3363 560 3425 Dominum.
797 3365 831 3422 ln
854 3361 1034 3421 saeculorum
1055 3361 1178 3421 saecuta.

199 3482 274 3531 Brev.
299 3497 347 3531 111.
366 3480 523 3531 Toletanum
546 3498 614 3531 saec.
639 3478 677 3531 15.
705 3481 767 3531 Coti.
786 3480 866 3530 Univ.
883 3480 1016 3529 Matriten.
1039 3475 1081 3528 48.
1104 3475 1207 3539 (92-1]
1225 3480 1256 3527 Α.
1275 3504 1307 3512 -

130 3551 206 3600 Brev.
229 3565 276 3599 ms.
294 3550 451 3600 Toletanum
475 3565 542 3599 saec.
565 3547 602 3599 14.
634 3551 696 3599 (iod.
716 3550 798 3599 l‘alat.
817 3549 950 3598 Matriten.
971 3543 1168 3609 iaetantia.
1188 3573 1218 3581 -
1238 3543 1268 3607 2,
1291 3543 1308 3598 3

131 3619 171 3670 ed
189 3620 252 3670 teria
272 3619 409 3670 introitum
427 3622 457 3669 A.
476 3645 510 3654 -
527 3614 552 3679 3,
570 3617 587 3669 4
605 3619 700 3670 Cibum
717 3618 822 3684 duplex.

530 3870 584 3927 391.
620 3870 657 3927 iio
675 3871 775 3927 saneta
792 3869 910 3928 1111111.

604 3990 647 4044 nd
664 3991 835 4045 Nocturnum.

135 4120 162 4178 1.
188 4116 289 4175 Electa
310 4116 365 4174 Dei
388 4114 504 4191 1111111,
750 4117 778 4174 2.
803 4114 889 4185 tirjus
913 4113 971 4171 vita
994 4117 1021 4169 et
1046 4112 1142 4184 passio

188 4203 329 4261 Bellatrix
352 4201 553 4272 sacratissima,
803 4199 974 4258 Placuerunt
992 4197 1141 4267 altissime,

184 4290 218 4347 ln
240 4288 295 4347 hac
318 4287 364 4345 dio
386 4287 523 4346 solemnia
801 4285 928 4342 Terrena
950 4285 1030 4357 virgo
1053 4281 1163 4354 respuit

185 4373 305 4432 Hostem
328 4373 395 4431 vicit
418 4371 607 4431 sanctissime.
800 4369 941 4430 Coelestia
961 4368 1132 4443 percipiens.
