2918 4868
611 284 843 350 -179-

141 463 172 520 3.
196 461 219 519 0
241 458 409 532 patriarcha
430 463 555 536 strenue,
759 464 789 522 4.
813 461 899 538 Laus,
924 461 1024 534 honor,
1047 463 1147 534 virtue,
1170 463 1263 536 gloria

196 544 294 604 Exere
315 550 392 603 tuam
414 542 512 619 tiliam,
813 546 875 605 Deo
898 547 975 619 patri
999 563 1061 605 cum
1084 545 1144 606 filio

196 630 235 691 Ut
260 629 472 703 impetrandam
496 628 621 702 desuper
812 630 918 690 Sancto
940 631 1025 690 simul
1047 633 1189 705 paraclito

195 715 265 774 Rois
287 722 422 788 precetur
445 714 565 775 veniam.
813 717 846 776 ln
868 718 1045 790 sempiterna
1066 719 1190 781 saecula.

208 850 284 900 Brev.
312 848 484 898 Valentinum
514 850 576 914 imp.
601 850 714 916 Neapoli
743 848 816 902 1489.
841 851 871 900 Α.
901 877 931 884 -
959 852 1035 902 Brev.
1063 852 1223 918 Segoviense
1253 855 1316 919 imp.

140 918 281 968 Valiuoleti
307 914 381 967 1527.
407 919 435 966 B.
455 943 487 953 -
505 918 581 968 Brev.
600 919 711 969 Vieeuae
736 921 771 969 im
792 957 798 970 .
817 920 941 986 Lugduni
966 916 1038 971 1557.
1058 919 1086 970 C.
1105 947 1137 956 -
1156 922 1232 971 Brov.
1251 922 1314 973 Ord.

139 986 167 1037 S.
184 988 286 1038 Mariae
303 986 337 1036 de
353 985 474 1037 Mareade
492 986 554 1051 imp.
572 986 697 1053 Lugduni
717 985 748 1038 15
784 1024 791 1039 .
809 990 843 1039 Ι).
860 1014 895 1024 -
916 986 938 1049 l,
956 985 973 1040 3
990 991 1100 1040 summis
1117 989 1228 1040 offerant
1246 990 1298 1041 Ac.

526 1235 586 1294 307.
622 1238 661 1295 lle
679 1239 777 1296 caueto
794 1235 929 1296 Joaehim.

590 1392 634 1448 Ad
651 1393 732 1464 Vesp.
750 1395 777 1450 et
794 1393 872 1449 Noct.

140 1557 167 1615 1.
191 1552 275 1610 Felix
296 1552 393 1626 proles
415 1551 566 1629 Dauidica,
754 1555 783 1615 4.
807 1551 855 1610 Ad
877 1557 990 1624 portam
1012 1567 1080 1611 vero
1102 1569 1218 1612 auream

192 1638 283 1697 Novis
305 1638 418 1696 exsulta
440 1637 561 1711 gaudiis,
806 1636 855 1694 Fit
876 1635 1024 1696 amborum
1047 1639 1219 1716 conjunctio,

193 1724 267 1783 Nam
289 1724 391 1797 planta
412 1723 555 1796 quondam
579 1723 691 1797 hispica
806 1721 864 1781 Sed
888 1722 985 1781 divino
1008 1723 1155 1796 praesidio

192 1809 242 1869 ru
263 1808 351 1869 arbor
372 1805 533 1870 salutifera.
805 1806 854 1865 Fit
876 1808 960 1880 hujus
982 1809 1160 1882 propagatio.

138 1934 166 1991 2.
190 1930 236 1989 Ex
258 1926 421 1988 manufacto
444 1929 563 2002 pellitur
751 1930 780 1988 5.
804 1926 882 2000 Ergo
904 1927 1002 1988 erudit.
1022 1928 1135 1986 irritum

191 2015 321 2088 Templo,
345 2030 379 2073 ex
402 2014 495 2088 primo
518 2012 644 2088 foedere,
805 2012 930 2072 Nostrae
953 2013 1057 2071 ruentis
1078 2014 1228 2091 judicium,

192 2100 249 2161 Sed
272 2115 384 2159 moeror
407 2104 436 2158 et
457 2100 578 2159 tristitia
804 2097 862 2158 Ubi
886 2098 940 2157 Dei
963 2098 1112 2157 eonsilium

191 2184 346 2246 Confestim
370 2186 448 2259 parit
470 2185 600 2259 gratiam.
805 2183 894 2242 Aliud
919 2182 993 2242 ferte
1017 2184 1125 2246 tulerit.

137 2310 165 2369 3.
190 2305 314 2364 Nuntius
337 2305 417 2363 coelo
440 2306 573 2377 mittitur,
751 2307 780 2367 6.
805 2305 920 2365 Summo
942 2305 1004 2363 Deo
1026 2304 1065 2362 sit
1087 2304 1187 2382 gloria,

187 2391 241 2464 Qui
263 2390 351 2449 marie
373 2391 486 2449 stellam
509 2391 666 2463 praedicet,
803 2390 857 2463 Qui
879 2390 990 2463 primae
1010 2391 1083 2464 legis
1109 2387 1227 2450 foedera

189 2476 235 2535 Ex
257 2476 313 2549 piis
336 2476 512 2548 genitoribus
802 2473 954 2535 Transfert
975 2476 1006 2535 in
1028 2492 1108 2535 suam
1126 2476 1252 2550 gratiam

189 2561 342 2620 Venturam
366 2561 545 2624 mirabiliter.
803 2564 859 2621 Per
883 2561 949 2634 piae
969 2565 1070 2622 matris
1090 2562 1202 2624 merita.

204 2696 279 2747 Buce.
301 2697 449 2748 Romanum
467 2698 529 2763 imp.
551 2692 591 2747 **.

521 2948 583 3007 308.
618 2948 658 3007 ue
674 2949 771 3006 saneto
788 2945 923 3006 loaelim.

637 3103 680 3157 Ad
697 3102 813 3158 Laudes.

136 3263 164 3321 1.
186 3261 334 3335 Supernae
356 3262 455 3320 matris
477 3263 594 3322 inclitae
750 3266 779 3322 t.
803 3262 947 3336 Repulsus
969 3278 987 3320 a
1008 3260 1146 3334 pontifico

189 3349 284 3425 Pater,
308 3347 392 3406 beate
414 3348 554 3419 deuotum,
802 3347 891 3408 Simul
914 3364 977 3405 cum
1000 3352 1049 3406 tuo
1071 3363 1187 3406 munere

189 3434 245 3491 Pro
268 3433 350 3492 nobis
371 3448 473 3506 preces
496 3432 618 3492 fundere
802 3433 906 3492 Tulisti
928 3433 1111 3506 ignominiam

189 3518 253 3577 Nou
280 3519 394 3578 desinas
417 3520 592 3593 perenuiter.
802 3521 878 3594 Lege
901 3519 1045 3577 decretam
1068 3517 1204 3592 graviter.

135 3642 164 3702 2.
186 3641 230 3698 Tu
252 3639 410 3711 priscorum
434 3641 554 3714 vestigia
749 3646 778 3702 5.
801 3639 859 3699 Sed
881 3639 960 3698 Deus
982 3637 1078 3696 cerdis
1099 3637 1201 3696 intima

186 3724 305 3784 Secutus
327 3725 392 3797 jore
414 3726 523 3798 optime
800 3726 855 3799 Qui
876 3726 1004 3783 intuetur
1026 3724 1147 3799 plenius,

187 3809 376 3869 Sacroeaucta
398 3810 502 3883 legalia
802 3811 899 3883 Elegit
918 3811 1027 3882 justum
1050 3808 1136 3867 altius

187 3895 314 3956 Servasti
337 3896 399 3953 siue
421 3896 541 3957 macula.
801 3896 841 3955 Et
863 3895 964 3953 extulit
986 3894 1146 3958 sublimius,

134 4018 164 4077 3.
187 4015 379 4076 Circumcisus
401 4033 457 4074 non
479 4017 609 4075 manibus
750 4020 780 4079 6.
805 4017 919 4077 Summo
941 4014 1003 4073 Deo
1026 4014 1064 4071 sit
1086 4014 1187 4088 gloria,

187 4099 245 4159 Sed
268 4100 382 4174 spiritu,
399 4100 544 4174 operibus,
803 4102 855 4177 Qui
878 4101 989 4174 primae
1010 4100 1082 4173 legis
1106 4097 1224 4160 foedera

189 4186 308 4245 Pietatis
333 4186 489 4245 visceribus
802 4185 954 4245 Transiert
975 4186 1005 4243 in
1028 4202 1107 4244 suam
1131 4186 1252 4260 gratiam

187 4272 293 4332 Vixisti
319 4288 433 4346 semper
455 4270 593 4339 fervidus.
802 4274 858 4333 Per
879 4272 944 4346 piae
966 4272 1067 4331 matris
1089 4272 1202 4333 merita.

199 4407 278 4458 Brav.
295 4408 444 4460 Romanum
461 4411 525 4478 imp.
546 4407 620 4462 15**.
1143 4488 1156 4518 t

1106 4489 1138 4541 l‘l
