2918 4868
603 266 835 331 -180-

190 443 408 515 deprecamur,
431 448 463 499 ut
484 448 692 514 postmortem
755 443 784 504 3.
804 442 894 501 Juxta
917 453 1018 497 nomen
1040 443 1195 497 coronatus
1228 509 1230 515 y

192 527 346 601 cripiamus
368 542 421 600 per
442 533 471 584 te
493 532 599 586 sortem
807 526 848 585 Es
870 525 1024 600 splendore
1046 523 1200 582 decoratus

230 611 317 673 Lucis
338 611 502 685 participio.
808 610 942 672 infinitae
963 609 1081 684 gloriae,
1116 681 1119 687 μ

139 719 167 778 2.
192 716 254 775 Rex
278 713 466 785 saeculorum,
808 697 927 769 Th⁰¹¹¹⁸r
951 701 1062 771 manis
1082 692 1223 769 Pfifflimfl·

189 803 279 875 Quem
298 799 398 860 laudat
417 798 551 859 universe

193 886 359 947 summm
381 900 476 943 ‘emm
893 904 934 962 in
958 900 1163 960 Laudibus.

191 974 298 1032 Perre
321 976 481 1030 creatarum
939 1019 1115 1085 Antiphone.

188 1057 303 1118 Exaudi
326 1061 354 1114 te
376 1055 495 1115 affantes
901 1120 903 1124 Α
1274 1079 1277 1085 ·

192 1143 232 1202 Et
255 1143 297 1200 rui
318 1141 445 1201 Thomna
756 1123 782 1183 l.
806 1123 831 1183 0
851 1129 962 1196 martyr
982 1122 1091 1181 Thomu
1112 1128 1309 1198 praepotens,

192 1227 280 1286 Festo
299 1226 466 1300 jubilantes,
805 1207 871 1266 Jum
894 1223 965 1281 pace
987 1206 1094 1270 christi
1116 1206 1290 1308 perfruens,

188 1312 312 1385 Christe,
335 1312 411 1372 salus
434 1318 532 1372 nostru
805 1294 898 1392 0⁰¹⁸}
920 1293 1016 1367 polum
1038 1300 1213 1392 praesentio,
1303 1346 1305 1353 ,

191 1399 231 1458 Et
252 1397 317 1457 finis
340 1398 547 1472 expectationis
565 1404 688 1461 nostrae.
804 1379 902 1438 'semi
924 1378 994 1438 iidffl
1016 1385 1153 1452 imild-

138 1506 167 1566 3.
190 1504 262 1575 Ave,
285 1501 433 1560 mitissime
754 1485 782 1541 2.
806 1481 940 1552 Thomas,
964 1482 1044 1540 exsul
1066 1498 1084 1541 a
1105 1482 1212 1560 patria,

192 1589 306 1662 Murtyr
329 1588 447 1649 Thomu.
470 1587 583 1660 suscipe
805 1566 884 1664 000¹}
907 1573 1006 1639 ffliissbi
1029 1566 1059 1625 5¹1
1081 1567 1170 1665 0⁰55&

189 1672 298 1732 Laudis
317 1672 458 1732 sacrificia
804 1652 892 1710 Bonis
914 1651 1041 1724 repletur
1062 1651 1200 1726 nonnus,

191 1757 325 1830 Nostrae,
348 1757 430 1816 nobis
453 1758 576 1830 impetra
806 1737 914 1809 Quibm
937 1737 992 1797 ⁰⁰5
1014 1735 1124 1812 ΝΜ
1146 1739 1263 1803 d⁰¹¹¹¹¹²³·

193 1844 285 1902 Verue
307 1843 379 1902 lucis
401 1842 514 1917 gaudia.
753 1842 782 1901 3.
806 1839 907 1898 Portus
929 1838 1029 1898 mortis
1049 1845 1079 1898 at
1099 1837 1208 1900 inierni

804 1923 943 1983 Nesciunt
964 1925 1006 1983 tui
1029 1923 1137 1995 famuli,

806 2010 864 2068 Sed
886 2015 984 2083 portes
1007 2010 1135 2084 paradisi
1158 2028 1265 2074 resera

805 2096 950 2155 Potestate
972 2095 1025 2153 tibi
1047 2096 1163 2158 tradita.

751 2201 781 2260 4.
805 2198 966 2258 Laudemus
988 2199 1149 2273 Dominum,

140 2264 167 2324 i.
189 2265 373 2323 Exsuitemus
395 2272 424 2322 et
445 2266 584 2328 laetemur
803 2283 880 2357 quod
903 2283 1034 2347 doctrina

190 2351 225 2410 In
248 2350 370 2409 Domino
804 2367 881 2428 beati
903 2369 1030 2429 Thomas

191 2435 231 2493 Et
252 2452 308 2495 nou
328 2442 479 2509 paroentes
502 2437 618 2497 vocibus
804 2454 886 2514 multi
907 2471 961 2528 por
981 2455 1078 2514 orbern

193 2520 307 2580 Christo
329 2521 428 2581 laudes
451 2520 617 2586 referamus.
804 2540 968 2600 universum
990 2540 1086 2600 edocti

138 2623 166 2682 2.
190 2622 293 2681 Nullus
315 2639 384 2697 ergo
804 2625 842 2685 ed
865 2626 974 2687 Christi
994 2626 1173 2686 clementiam

234 2715 369 2781 peccator
391 2711 484 2784 sileat,
801 2717 1003 2785 pervenerunt.

190 2792 248 2854 Sed
270 2793 345 2852 hunc
363 2796 471 2868 justum
754 2817 782 2875 5,
807 2813 955 2890 eondjgne

235 2880 355 2939 iuudare
378 2881 501 2946 studeat.
847 2900 971 2959 Thomas
994 2900 1165 2962 &neme

138 2985 168 3044 3.
190 2982 249 3041 Ora
270 2998 354 3056 nunc,
377 2983 515 3057 piissime,
804 2985 954 3059 Recipitur

190 3068 302 3142 Angeia
324 3068 476 3147 simillime,
848 3070 1141 3144 honorificentissime,

191 3153 248 3212 Pro
270 3155 376 3213 nostris
399 3157 571 3232 excessibus,
712 3184 716 3190 ·
805 3157 906 3229 Aquo
928 3173 1026 3216 omnes

190 3238 304 3312 martyr
323 3240 432 3314 inclite,
848 3242 987 3315 optabant
1009 3242 1153 3316 benedici,-

190 3325 228 3383 Et
253 3323 317 3384 iane
339 3330 368 3385 te
391 3329 582 3402 poscentibus.
808 3328 860 3387 Cui
879 3328 945 3400 jure
968 3327 1126 3389 canebant:

807 3413 989 3488 Benedictus,
1015 3415 1064 3488 qui
1086 3416 1164 3474 veuit

245 3523 285 3580 1„
309 3525 339 3583 3·
361 3524 571 3592 Nocturna
808 3499 977 3558 innomine
1001 3500 1125 3560 Domini.

253 2041 293 2099 Iu
317 2042 346 2102 2.
370 2038 575 2101 Nocturno.

320 2159 496 2225 Antiphonem

320 3641 496 3708 Antiphonae.
914 3669 954 3720 Ad
973 3668 1140 3722 Benedictus.

138 3745 167 3804 1.
192 3743 292 3802 Laude
314 3750 371 3823 tue,
396 3744 483 3819 Deus,
507 3764 539 3807 os
742 3773 779 3833 A,
800 3772 924 3847 Egregie
946 3773 1001 3835 Dei
1022 3779 1133 3850 martyr
1154 3774 1278 3848 Thema,

234 3836 360 3889 nostrum
381 3832 536 3906 repleatur,
806 3856 883 3917 offer
904 3876 958 3933 pro
980 3859 1063 3919 nobis

189 3915 231 3976 Ut
252 3915 343 3988 patris
366 3917 490 3977 Thomue
513 3917 616 3979 festum
849 3945 958 4004 immas
980 3945 1173 4019 plgoetionum

232 4001 317 4075 digne
340 4002 491 4065 feffllfflf·
806 4031 846 4089 Et
867 4029 1025 4104 thymiama
1045 4047 1174 4106 precum,

137 4107 166 4166 2.
190 4104 331 4163 molinam
354 4105 416 4163 dies
808 4116 850 4178 Ut
871 4117 915 4173 his
938 4117 1044 4191 expiati

231 4189 345 4248 solitam
367 4197 479 4250 noctem
501 4194 658 4270 minitatur,
807 4202 849 4259 Te
870 4204 946 4262 laete
969 4218 1120 4276 sequemur

190 4277 260 4348 Fac,
283 4280 376 4353 pater,
399 4283 431 4336 nt
453 4280 496 4338 sol
515 4281 645 4352 justitiae
806 4288 853 4346 Ad
876 4294 1168 4364 sanctasanctorum,

234 4360 318 4419 nobis
339 4362 456 4425 oriatur.
808 4372 864 4433 Ubi
887 4373 1020 4434 cbristus
