2918 4868
620 235 853 300 -216-

456 399 501 457 nt.
535 399 567 457 lu
584 399 659 459 laeto
677 400 874 461 miraculorum
893 419 914 461 a.
933 405 1030 462 Jaeoli

590 506 623 561 V.
647 507 739 563 Nonas
757 507 888 563 Octobris

659 615 777 665 Lectio
794 615 816 665 Ι.

304 718 382 776 Ecce
405 718 459 777 Dei
482 719 604 778 redeunt
625 719 769 793 magnalia
792 736 854 779 cnm
877 720 1068 797 Maccabaeic,

346 804 386 862 Et
408 810 535 863 veterum
558 806 640 878 sigua
662 804 782 864 coelitus
804 806 992 868 advenerunt

302 888 379 949 Gens
403 891 534 963 Agerent
556 891 632 964 perit
655 897 685 949 et
702 892 783 963 justa
803 891 963 965 triumphat
985 892 1099 967 ubique,

344 975 422 1048 Rege
444 975 497 1034 sub
517 975 667 1050 Alphonso
689 976 860 1035 Miramurin
884 978 998 1042 cecidit.

249 1067 278 1123 5.
301 1061 363 1119 Rex
386 1077 497 1134 quoque
519 1061 638 1121 Saucius
660 1068 705 1121 est
726 1063 817 1121 saneti
839 1063 942 1125 Jacobi
962 1064 992 1122 in
1015 1063 1164 1138 famulatu,

344 1146 385 1206 Ut
406 1152 495 1220 patet,
519 1154 586 1205 ante
608 1163 676 1205 suus
698 1144 773 1206 fidus
795 1148 903 1207 amicus
926 1156 996 1209 erat.

302 1231 392 1304 Regis
410 1233 470 1304 jam
493 1232 583 1290 virtus
604 1238 634 1291 et
655 1232 775 1292 vasallia
795 1232 899 1306 fidelis,

343 1318 420 1389 Quae
443 1318 535 1377 sancti
556 1316 659 1380 Jacobi
682 1325 734 1391 aet,
756 1334 845 1393 regna
865 1325 944 1378 tenet
963 1321 1083 1393 gemina.

301 1404 392 1462 Recta
414 1402 497 1474 fides,
520 1401 597 1462 lilius
618 1404 699 1478 regui
721 1404 795 1478 regit
817 1404 909 1463 altera
931 1412 1055 1479 sceptra,

227 1491 275 1550 10.
341 1488 472 1562 Hispalis
493 1489 532 1547 ad
557 1489 682 1549 Palmam
707 1496 751 1547 est
772 1489 848 1564 regis
870 1505 954 1548 caesa
976 1508 1086 1551 manus.

651 1625 769 1674 Lectio
787 1625 823 1674 IL

300 1714 334 1772 ln
357 1712 445 1784 gestis
467 1711 580 1783 legitur,
604 1727 655 1770 rex
677 1711 832 1770 Almansor
855 1712 978 1786 periisse

343 1797 523 1856 Dissenteria
545 1796 722 1869 percutiente
744 1796 822 1869 De03

302 1884 386 1943 Nunc
407 1897 519 1956 quoque
541 1881 583 1939 sic
604 1881 693 1955 periit
714 1882 788 1941 male
810 1881 886 1940 tilius
908 1883 1101 1956 Almiramini‚

344 1970 406 2029 Rex
428 1983 546 2042 magnus
568 1974 672 2038 terrae,
695 1967 888 2041 misciqnitare
911 1969 1019 2030 volens.

227 2056 274 2116 15.
298 2056 424 2127 Moxque
446 2053 498 2111 sub
520 2053 632 2111 intrusa
651 2052 764 2112 soboles
786 2051 906 2112 infanda
927 2056 1032 2127 prioris

342 2141 447 2199 Divina
468 2138 579 2197 interiit
600 2138 778 2211 percutiente
799 2155 894 2198 manu.

298 2226 449 2299 Troplrnca
472 2224 569 2283 diviua
592 2230 694 2283 sonant
716 2224 871 2298 laudesque
893 2224 1010 2298 Bentne,

341 2311 438 2384 'leque
460 2309 552 2368 Deum
574 2309 696 2369 laudans
718 2309 843 2368 concinit
860 2311 992 2374 ecclesia.

299 2397 343 2454 Tu
365 2411 485 2469 qnoque,
508 2394 647 2468 Calliope,
670 2395 755 2454 solita
777 2411 807 2454 es
829 2411 902 2469 quae
924 2396 1011 2469 digna
1033 2394 1153 2469 referre,

225 2485 274 2542 20.
340 2483 384 2540 Tu
406 2482 500 2555 magui
521 2479 622 2539 laudes
643 2497 679 2538 ne
701 2486 798 2540 taceas
819 2480 930 2543 iacobi.

644 2617 762 2667 Lectio
780 2616 830 2667 111.

299 2704 368 2762 Cum
391 2703 527 2776 templum
550 2702 665 2761 Domini
687 2712 852 2776 premerent
872 2703 1060 2776 ierosolymis
1081 2703 1187 2782 hostes,

341 2790 385 2847 De
408 2789 487 2846 coelo
509 2789 571 2846 visa
592 2794 725 2847 estsere
746 2790 821 2848 mira
842 2791 928 2865 acies,

299 2876 405 2934 Currus
428 2873 507 2947 equis
530 2874 613 2951 albis,
635 2891 716 2933 arma
737 2891 835 2947 aurea,
859 2875 982 2934 candida
1005 2876 1092 2934 venis

339 2962 435 3032 Atque
457 2959 567 3032 equites
585 2960 681 3032 justae
702 2961 878 3034 praesidium
900 2960 978 3021 fidei.

224 3049 274 3110 25.
298 3045 345 3105 Sic
367 3045 458 3104 virtus
478 3044 594 3104 Domini
616 3046 744 3119 coelique
766 3048 908 3105 exercitus
930 3046 1021 3105 omnis

340 3132 447 3191 Contra
468 3131 564 3189 hostes
586 3128 654 3191 fidei
675 3131 786 3204 proelia
808 3133 986 3195 continuant.

296 3218 368 3277 lude
390 3222 443 3290 est,
465 3216 541 3289 quod
563 3216 679 3292 milites,
701 3217 753 3276 sed
775 3217 823 3291 qni
844 3234 974 3277 mernere
993 3216 1103 3289 tideles,

339 3303 481 3362 Viderunt
502 3318 634 3378 maguum
656 3301 823 3376 signiferum
845 3304 994 3366 iacobum.

295 3389 371 3447 Hinc
393 3394 445 3459 est,
469 3403 532 3445 cum
553 3386 656 3447 Jacobi
677 3389 797 3448 redeunt
820 3390 877 3448 tria
898 3388 973 3448 festa
995 3388 1080 3460 lenti,

221 3478 270 3536 30.
337 3474 464 3534 Solvitur
487 3473 617 3551 ecclesia,
640 3473 665 3532 si
687 3490 743 3547 qua
764 3473 853 3548 ligata
875 3473 938 3535 fnit.

294 3560 341 3619 Ad
364 3560 467 3620 iacobi
490 3556 565 3617 testa
587 3559 665 3618 trina
686 3566 730 3618 est
752 3558 893 3620 confessio
914 3559 1019 3632 laudis,

339 3645 441 3705 Cordis
464 3644 500 3703 ad
525 3661 556 3703 os
579 3645 700 3717 novitas,
720 3646 800 3718 justa
821 3652 959 3719 operante
980 3644 1047 3708 fide.

295 3733 374 3790 Haec
397 3732 492 3789 coelos
513 3730 608 3803 aperit
630 3730 722 3805 culpis
745 3732 883 3791 solvendo
906 3732 1018 3805 ligatos,

337 3818 416 3876 Haec
439 3816 515 3874 vitae
537 3822 581 3874 est
602 3816 715 3875 novitas
738 3823 766 3875 et
789 3817 924 3876 novitatis
946 3833 1034 3878 amor.

219 3906 270 3963 35.
288 3903 366 3976 Ergo
385 3901 515 3974 justitiae
537 3901 652 3960 divinae
673 3901 754 3961 miles
777 3902 912 3962 honestus

335 3989 370 4048 In
392 3987 507 4049 Christo
528 3985 654 4047 Jacobns
677 3987 773 4049 vivere
794 4003 908 4062 semper
929 3986 1024 4048 habet.

209 4107 230 4157 C
253 4107 298 4157 fol.
322 4104 392 4157 leth
416 4106 475 4156 add.
498 4121 565 4156 saec.
594 4101 626 4155 12
647 4122 687 4155 ex.
711 4135 743 4143 -
771 4107 858 4158 Hiazu
881 4106 925 4156 die
948 4104 1129 4172 Bemerltung:
1152 4106 1175 4155 ll
1199 4106 1318 4157 Domino

139 4178 236 4226 sactum
259 4182 300 4226 est
326 4175 395 4225 istud
420 4180 505 4224 otest
531 4174 653 4225 mirabile
675 4177 703 4225 in
721 4176 805 4226 oculis
823 4177 929 4226 uostris.
964 4175 1041 4224 Auno
1062 4175 1252 4225 incarnationis
1270 4174 1317 4225 do·

139 4247 252 4295 minicae
269 4244 367 4295 Mcxc
390 4245 439 4293 anb
458 4258 520 4293 asra
538 4241 735 4295 mccxxvm.
754 4271 785 4279 -
807 4242 846 4295 10.
865 4249 905 4294 eet
922 4245 992 4306 regis
1009 4249 1085 4294 teura
1102 4257 1195 4294 manua
1213 4242 1263 4292 Ha.
1280 4267 1316 4280 -

141 4311 179 4364 13.
198 4304 271 4365 Uber
283 4314 460 4364 Almiramini:
480 4311 611 4361 admirati.
631 4342 663 4351 -
678 4311 717 4365 14.
736 4314 915 4378 missiquitnre
927 4328 989 4362 vom
1001 4311 1158 4377 spaniacheu
1171 4313 1314 4377 mesquita,

138 4382 269 4434 Moschee.
289 4411 316 4418 -
340 4380 380 4432 16.
398 4382 515 4447 Proprea
532 4380 632 4431 divina„
650 4408 683 4417 —
701 4378 742 4432 26.
761 4371 834 4433 Uber
851 4382 1019 4432 coadunant:
1038 4381 1174 4431 cotidiant.
