2918 4868
624 265 833 328 -.14-

138 443 167 501 3.
192 441 322 513 Utraque
341 456 441 498 manns
461 439 583 511 mystica
752 442 780 498 5.
803 437 898 496 Decus
921 445 1041 495 naturae
1064 437 1190 495 continet

191 526 340 583 Formavit
361 524 467 598 absque
489 525 609 598 macula,
805 525 935 596 Uterque
956 538 1041 580 sexus
1064 522 1195 596 hominis,

191 611 272 681 Quod
295 610 385 668 hostis
409 608 488 668 fraus
510 609 668 682 sophistica
804 609 886 679 Quod
908 609 986 667 solus
1010 608 1140 667 Christus
1162 607 1273 667 obtinet

191 695 334 756 Foedavit
356 697 437 769 nigra
459 695 567 757 tabula.
805 694 844 751 Et
866 695 946 767 virgo
970 694 1044 752 dono
1066 693 1199 754 numinis.

139 820 168 878 4.
192 816 225 874 lu
248 830 332 888 grege
355 814 511 887 reparabili
753 815 781 873 6.
805 813 879 871 Dum
903 812 1065 885 reparatrix
1088 813 1193 871 colitur

191 901 255 959 Non
278 899 333 958 luit
354 901 425 958 haec
448 900 584 976 carentia,
804 899 963 957 Mundialis
986 898 1170 971 compaginis,

190 986 267 1057 Quae
289 986 351 1059 lege
373 985 517 1044 amicabili
805 983 852 1041 Ab
874 984 938 1056 ipsa
959 982 1040 1042 nefas
1062 984 1175 1042 tollitur

191 1072 329 1144 Fulgeret
350 1071 556 1144 praesidentia.
805 1069 974 1128 Humanalia
995 1069 1171 1143 propaginis.

498 1192 526 1253 7.
549 1194 676 1249 Aeterno
699 1189 761 1263 regi
783 1190 878 1263 genita

550 1276 627 1334 Laus
651 1272 735 1333 detur
758 1275 946 1334 excellentiae

551 1361 590 1418 Et
617 1360 691 1418 dono
713 1361 775 1433 ejus
797 1360 896 1419 inclito

551 1446 620 1504 Cum
643 1453 728 1518 patre
750 1444 945 1519 refulgentiae.

210 1567 286 1616 Brev.
305 1563 366 1614 Ord.
384 1566 491 1614 Immac.
511 1563 634 1629 Concept.
652 1565 714 1629 imp.
734 1564 866 1629 Compluti
887 1560 960 1614 1551.

521 1795 563 1852 35.
598 1797 637 1853 lle
655 1795 838 1869 Concepticna
857 1796 935 1853 BllV.

635 1919 678 1973 Ad
695 1920 810 1974 Laudes.

144 2048 169 2104 l.
195 2043 363 2101 Praeclarae
385 2044 457 2101 lucis
480 2044 577 2102 radius
755 2048 783 2106 4.
807 2044 1053 2118 Archangelorum
1075 2047 1188 2119 agmina

192 2128 318 2187 Diffusus
341 2128 370 2185 in
393 2128 533 2187 nubecula
807 2131 999 2188 Transcendit
1022 2147 1057 2188 ex
1080 2131 1229 2201 munditia,

192 2214 247 2272 Est
267 2214 414 2288 genitricis
436 2213 511 2272 lilius
807 2215 875 2273 Cum
899 2216 1063 2274 meritarum
1087 2217 1214 2289 germina

193 2300 351 2358 Mandatus
373 2306 440 2357 ante
463 2301 585 2358 saccula.
808 2303 970 2374 Purgantur
991 2318 1009 2359 a
1031 2303 1179 2374 spurcitia.

142 2422 169 2478 2.
197 2419 336 2476 Patemae
358 2421 461 2476 mentis
483 2420 565 2477 oculo
755 2427 783 2481 5.
807 2420 989 2479 Gemmarum
1011 2420 1186 2494 pretiositas,

195 2505 269 2562 Dum
294 2504 374 2576 virgo
396 2505 626 2577 praeinspicitur‚
806 2506 914 2579 Liqucr
936 2514 1123 2579 transparens
1145 2504 1265 2564 fontium

195 2591 341 2648 Virtutum
364 2606 435 2661 puro
457 2588 574 2648 flosculo
807 2592 847 2649 Et
868 2591 942 2649 labis
964 2591 1106 2650 vitiositas

194 2676 228 2734 In
252 2675 350 2745 stipite
374 2673 534 2735 conficitur.
806 2677 931 2735 Matrem
954 2677 1066 2735 extollit
1088 2677 1223 2751 gentium.

144 2797 173 2854 3.
196 2794 309 2851 Donum
331 2801 476 2851 aeternum
499 2793 590 2852 libare
758 2799 787 2856 6.
811 2797 899 2868 Quam
922 2796 1083 2855 sanctitatis
1106 2796 1188 2868 copia

194 2879 283 2937 Matri
308 2878 392 2936 datur
413 2878 541 2947 liberius
811 2882 934 2940 Mariam
957 2889 1040 2940 ornat
1062 2882 1150 2954 varie,

193 2963 324 3022 Electum
347 2981 472 3037 purgans
494 2964 581 3023 ubere
810 2966 880 3025 Tam
904 2968 1043 3025 scelerum
1064 2967 1162 3040 inopia

194 3049 317 3107 Matrem
343 3050 409 3107 colit
432 3050 558 3113 uberius.
810 3052 893 3110 Hanc
916 3051 986 3110 facit
1008 3053 1115 3126 absque
1138 3051 1224 3111 carie.

501 3172 528 3231 7.
552 3171 663 3230 Mariae
685 3178 767 3230 natus
793 3172 909 3230 inclitus

554 3257 665 3314 Donum
689 3256 823 3317 infundat
846 3259 959 3316 luminis

555 3343 594 3401 Et
615 3344 733 3415 spiritus
755 3343 913 3415 paraclitus

553 3427 623 3486 Cum
646 3428 774 3501 genitore
797 3429 930 3486 numinis.

141 3528 149 3538 ’
212 3548 287 3596 llrcv.
307 3544 368 3595 Ortl.
388 3547 494 3596 Immac.
513 3548 637 3610 Concept.
661 3548 722 3610 imp.
742 3546 875 3611 Compluti
908 3543 979 3597 1551.
1002 3574 1036 3581 —-
1058 3544 1088 3604 5,
1112 3543 1129 3596 3
1154 3548 1247 3609 labiia3
1273 3547 1320 3597 der

143 3616 210 3665 Vara
230 3615 312 3664 blcibt
330 3614 395 3663 atreb
416 3632 444 3663 so
463 3615 569 3676 dunkel,
588 3631 663 3664 navemn
682 3614 756 3663 nicht
773 3614 927 3664 verdorbcn.
947 3641 974 3648 -
997 3612 1020 3677 7,
1040 3611 1169 3665 2Domus
1189 3616 1318 3665 infundat.

525 3848 565 3905 36.
601 3849 632 3906 ln
652 3846 834 3922 dcucaptiuna
855 3847 933 3904 VblB.

628 3970 670 4023 Ad
689 3970 829 4038 Vesperas.

147 4099 172 4157 l.
200 4096 268 4166 Ave,
291 4093 381 4153 fluens
403 4096 498 4162 mella,
756 4097 785 4156 2.
806 4096 881 4154 Alvo
905 4095 1059 4153 senectutis

196 4181 346 4238 Trinitatis
369 4181 450 4251 cella,
809 4181 971 4253 Conceptae
993 4181 1108 4240 virtutis

198 4266 291 4324 Melus
314 4273 343 4323 et
365 4267 426 4323 laus
449 4266 516 4342 oris,
809 4268 868 4324 Vns
886 4272 913 4323 et
936 4267 1008 4324 lucis
1031 4266 1087 4338 via,

196 4352 266 4411 Flos
289 4350 443 4425 fragrantis
465 4351 554 4414 floris,
810 4351 943 4410 Genitrix
966 4352 1070 4415 Maria.
