2918 4868
651 266 714 332 282
760 304 799 314 -

453 445 480 502 5.
505 440 566 500 Deo
589 440 665 514 patri
686 442 723 499 sit
745 442 845 518 glorie,

502 526 579 584 Proli
602 526 639 584 sit
661 542 774 599 semper
795 527 897 601 grstia,

502 611 599 671 Virtus
621 612 658 669 sit
680 618 779 670 sencto
801 609 908 671 flamini

501 696 584 756 Salus
605 697 667 756 Deo
693 702 723 755 et
744 697 859 755 homini.

163 816 237 865 ltrer.
262 814 421 880 Segoriense
445 818 507 880 imp.
533 816 672 865 Valisoleti
697 812 770 864 1527.
789 817 819 865 Α.
840 844 875 852 -
899 817 975 865 Brev.
994 814 1055 863 Ord.
1075 814 1100 864 S.
1118 813 1212 864 Jacobi
1237 815 1270 864 de

93 883 176 949 Spata
194 885 254 948 imp.
274 885 390 948 Logioue
413 880 486 934 1532.
506 887 534 935 B.
553 912 585 919 -
604 886 679 932 Brev.
696 884 905 934 salmanticense
923 885 984 948 imp.
998 883 1175 932 Salmantieue
1196 879 1269 933 1541.

93 951 121 1002 0.
141 980 172 987 —
192 953 268 1007 Brev.
288 953 420 1001 Abulense
439 955 501 1017 imp.
521 952 699 1003 Salmanticae
721 949 793 1003 1551.
815 954 845 1002 D.
865 980 895 986 —
915 951 992 1001 Brev.
1005 951 1188 1001 Placentinum
1206 953 1269 1016 imp.

94 1021 213 1070 Venetiie
237 1018 311 1071 1554.
329 1020 361 1071 Ε.
384 1046 418 1053 -
444 1018 465 1082 1,
487 1018 500 1070 1
519 1022 625 1072 Festum
644 1021 696 1070 BC.
720 1050 752 1057 -
779 1017 801 1083 1,
824 1019 842 1072 4
861 1037 920 1072 cum
935 1020 1094 1071 coelestibus
1112 1021 1141 1070 B.
1160 1049 1192 1056 -
1211 1016 1235 1079 2,
1253 1018 1270 1070 4

94 1089 240 1140 Occurrunt
257 1091 282 1140 ei
301 1090 362 1151 AD3
381 1089 495 1139 currunt
513 1089 574 1139 huic
592 1090 621 1140 0.
639 1116 673 1126 -
690 1087 714 1152 5,
733 1087 799 1141 4111
817 1092 977 1156 sempiterna
994 1089 1101 1140 saecula
1117 1087 1148 1137 Ε.

433 1254 495 1312 stt.
522 1255 560 1311 lte
578 1270 636 1312 uns
652 1256 777 1327 llsrtyre
795 1255 913 1311 tantun.

570 1375 613 1430 Ad
630 1375 771 1445 Vesperas.

342 1502 369 1560 1.
393 1498 490 1560 Turba
512 1501 655 1559 cantanda
676 1506 720 1558 est
741 1500 790 1573 pie
811 1499 1013 1566 continentum,

393 1585 471 1656 Quae
492 1585 584 1644 Deum
606 1603 680 1659 pure
702 1586 815 1645 coluere
837 1589 941 1656 mente,

393 1670 531 1729 Hostibus
554 1671 625 1731 diris
647 1672 731 1730 simul
753 1677 782 1729 et
803 1669 855 1728 snb
878 1669 979 1728 umbra

435 1757 517 1815 Belle
538 1757 674 1820 tulerunt.

341 1861 369 1920 2.
392 1858 484 1932 Saepe
506 1877 572 1918 nem
595 1860 674 1919 dulei
695 1866 790 1933 perat,
814 1873 890 1930 ecce,
913 1855 1043 1916 fraudem

394 1945 482 2003 Melle
504 1944 657 2004 subridens
680 1945 758 2004 ferus
780 1946 843 2018 ipse
864 1944 986 2002 mundus

394 2032 489 2103 Atque
511 2038 576 2103 post
598 2031 690 2090 tristis
713 2031 798 2103 subit,
823 2045 899 2107 ecce,
918 2045 1017 2088 amaro

437 2117 494 2175 Om
516 2132 629 2189 sapore.

342 2221 369 2278 3.
395 2219 453 2279 Sed
475 2218 541 2291 piae
562 2225 670 2277 mentes
692 2218 794 2277 animis
816 2217 853 2276 ed
876 2217 935 2276 elta

395 2304 515 2378 Temple
538 2304 669 2362 coelestis
691 2303 806 2362 Domini
828 2303 952 2375 repostis

395 2389 522 2463 Corpore
546 2396 625 2448 casto
649 2397 785 2462 superata
806 2389 917 2447 calcant

436 2475 559 2548 Agmine
584 2475 691 2533 mundi.

342 2580 374 2637 4.
396 2576 489 2635 Corde
510 2583 657 2637 mutantes
680 2592 850 2635 veneremur
869 2576 921 2636 alti

391 2663 507 2721 Athesis
530 2668 640 2735 petrem
663 2662 747 2720 simul
769 2667 854 2735 etque
875 2669 982 2736 netum,

394 2747 511 2807 Gratias
534 2749 632 2807 demus
655 2749 765 2821 pariter
786 2749 913 2807 colentes

437 2835 563 2893 Pneuma
585 2841 737 2893 sacratum.

164 2950 239 3000 Brev.
258 2949 530 3017 caesaraugustanum
549 2953 610 3016 imp.
630 2951 856 3017 Caesaraugustae
874 2949 949 3004 1527.
968 2953 998 3003 li.
1018 2979 1050 2989 -
1069 2954 1145 3002 Brev.
1162 2954 1270 3004 Caesar-

95 3024 270 3083 augustenum
288 3021 349 3085 imp.
370 3019 595 3084 Caesaraugustae
615 3018 688 3071 1544.
707 3023 736 3071 u

323 3239 327 3246 .
434 3186 495 3243 496.
532 3188 570 3244 lle
591 3202 647 3244 una
665 3186 792 3257 llartyre
809 3189 925 3243 tantum.

566 3308 608 3362 Ad
627 3306 798 3360 Nocturnum.

343 3434 369 3491 1.
393 3434 531 3492 Attemnt
553 3447 657 3504 eorpus
678 3430 758 3490 sario
780 3428 879 3488 labore

392 3518 525 3578 Membra
546 3522 703 3591 pungentes
724 3514 902 3587 subeuntque
923 3514 1034 3572 tristem

396 3604 479 3662 Sitim
505 3609 535 3661 et
554 3601 657 3661 iemem
678 3599 845 3675 fugiuntque
867 3614 981 3658 somnos

436 3689 536 3747 Noctis
558 3703 674 3761 opacae.

341 3797 370 3853 2.
394 3791 483 3850 Nulla
504 3789 583 3849 fraus
606 3789 694 3848 hostis
717 3788 879 3846 tmculenta
901 3787 957 3846 diri

395 3877 509 3935 Terruit
532 3884 641 3933 mentes
661 3874 762 3947 vigiles
785 3881 815 3931 et
835 3873 895 3932 ulto

397 3963 516 4035 Semper
536 3962 686 4019 haerentes
709 3958 843 4033 precibus
865 3957 957 4016 beatis

437 4047 640 4120 Omnipotenti.

342 4155 370 4212 3.
396 4151 467 4208 lude
489 4166 542 4223 per
564 4155 653 4207 totum
675 4146 856 4206 celebrentur
877 4145 985 4215 orbem,

397 4235 542 4294 Laudibus
566 4235 659 4307 dignis
682 4231 810 4292 relemnt
832 4248 964 4291 coronam

398 4322 474 4381 Orbe
497 4321 606 4380 calcato
629 4320 796 4393 superisque
814 4319 908 4392 regnis

436 4409 508 4469 Jure
530 4405 716 4478 triumphant
