2918 4868
618 301 850 367 -216-

491 484 550 542 379.
587 484 626 541 De
643 499 666 541 s.
684 455 969 557 lluriallagdalana.

584 621 626 677 Ad
646 623 728 693 Vesp.
746 630 780 678 et.
798 623 876 678 Noct

146 766 173 825 1.
196 765 231 822 Iu
255 763 339 822 domo
360 764 468 837 quippe
490 764 614 823 Simonis
759 767 788 825 3.
812 765 924 823 Dehine
944 764 1063 838 pudoris
1086 765 1200 824 conseia

198 849 268 908 Cum
292 855 368 908 esset
390 865 453 908 cum
477 850 637 927 discipulis,
813 851 956 910 Curvatur
977 850 1014 909 ad
1037 849 1166 924 vestigio,

196 934 292 993 Maria
314 936 435 1009 supplex
459 935 582 1001 humilis,
812 936 916 994 Flebat
938 936 1060 1008 supplex
1082 935 1209 1008 uberius,

198 1020 321 1079 Famcsa
343 1020 484 1094 quaedam
504 1021 651 1093 meretrix,
815 1021 968 1095 suspirans
991 1022 1078 1080 eorde
1100 1021 1225 1095 gravius,

201 1107 377 1179 Gompuncta
399 1106 487 1166 verbo
509 1107 624 1166 Domini
816 1108 872 1166 Pro
894 1107 1013 1180 speciali
1035 1107 1124 1164 linteo

200 1192 305 1250 Locum
328 1193 441 1266 quaerit
463 1192 591 1256 remedii.
817 1192 943 1252 Servivit
965 1192 1114 1266 capillitio.

147 1299 175 1357 2.
199 1294 331 1353 Accessit
353 1296 506 1354 temerarie
762 1298 792 1356 4.
816 1296 902 1367 Laus,
926 1295 1017 1354 honor
1039 1293 1100 1371 tibi,
1122 1294 1253 1374 Domine,

200 1381 270 1440 Cum
296 1381 396 1439 veniae
418 1379 533 1457 fiducia,
816 1380 915 1454 Sitque
937 1381 1071 1453 perennis
1093 1379 1194 1454 gloria,

200 1465 293 1524 Nardi
316 1466 420 1539 spicati
441 1466 586 1540 specimen
815 1467 924 1540 Agnus,
948 1466 997 1538 qui
1019 1471 1123 1524 cuneta
1145 1465 1247 1523 tollere

197 1550 307 1610 Effudit
329 1568 417 1624 super
439 1552 584 1622 verticem,
816 1552 924 1610 Venisti
947 1551 1046 1610 mundi
1069 1551 1198 1624 crimina,

198 1636 320 1694 'lestans
342 1652 377 1694 er
399 1639 456 1695 imo
481 1638 607 1709 pectoris
815 1639 885 1698 Cum
908 1646 991 1709 patre
1012 1643 1038 1693 et
1062 1642 1161 1695 sauolo
1184 1635 1288 1708 spiritu

198 1721 339 1781 Affectum
361 1723 564 1794 poenitudinis.
815 1725 848 1783 In
871 1723 1047 1794 sempiterna
1066 1723 1190 1785 saecula.

106 1841 110 1849 ”
214 1841 291 1890 Brev.
309 1856 356 1890 ms.
375 1839 545 1890 Gerundcnse
563 1840 626 1889 anni
647 1835 720 1891 1290.
748 1838 811 1889 cod.
831 1839 857 1889 S.
878 1839 973 1889 Felicia
992 1838 1139 1889 Gerunden.
1158 1854 1179 1887 s.
1197 1854 1224 1887 n.
1241 1839 1273 1888 Α.
1291 1863 1324 1872 -

148 1911 225 1959 Brev.
249 1925 296 1959 ms.
316 1910 402 1974 Capit.
420 1908 568 1958 Gerundeu.
592 1903 616 1957 3.
640 1924 707 1958 saer.
727 1905 794 1958 “tm
812 1909 842 1959 B.
861 1933 894 1942 -
912 1908 987 1957 Brev.
1007 1923 1053 1957 ms.
1073 1909 1158 1972 Cupit
1176 1907 1326 1958 Gerunden.

147 1975 171 2026 4.
199 1995 266 2027 suec.
291 1974 455 2028 ¹⁴l1v.c.-
475 1979 571 2027 Dieser
593 1979 644 2026 wie
661 1976 707 2027 der
724 1976 845 2042 folgende
863 1978 985 2041 Hymnus
1003 1976 1061 2025 aiud
1080 1992 1130 2025 nnr
1149 1976 1209 2024 eine
1223 1975 1326 2025 Annahl

153 2045 283 2111 Stroplreu
302 2061 349 2095 aua
367 2046 425 2095 (lem
445 2047 567 2109 Hymnus
585 2045 618 2095 ad
637 2045 803 2095 mandatum:
823 2047 900 2095 Dum
920 2046 1031 2110 pietas
1049 2044 1252 2094 multimoda.
1289 2043 1325 2092 So

151 2114 252 2164 erklairt
270 2114 325 2163 sich
344 2113 391 2164 der
408 2120 483 2164 aonst
500 2113 652 2164 rumelhatte
668 2114 773 2180 Anfang
790 2115 838 2163 mit
856 2115 962 2179 quippe.

499 2348 561 2406 333.
596 2348 635 2405 Do
653 2346 780 2404 sileris
798 2346 972 2420 llagdalona

652 2485 695 2539 Ad
713 2485 827 2541 Laudes.

154 2632 181 2692 1.
204 2631 228 2690 0
251 2629 323 2689 felix
336 2629 397 2688 'illa
419 2631 564 2704 meretrix,
763 2632 792 2691 2.
815 2630 935 2702 Adesto,
959 2629 1082 2700 Christe,
1104 2629 1225 2695 miseris,

202 2717 226 2775 Ο
249 2717 343 2774 audax
366 2731 416 2773 eor
437 2715 574 2786 mulieris,
815 2716 891 2786 Quos
914 2721 1015 2789 gravat
1036 2716 1149 2789 pondus
1169 2713 1295 2785 sceleris,

817 2801 873 2859 Per
895 2800 963 2859 fidei
986 2801 1106 2874 vestigia

202 2887 280 2958 Ques
302 2886 435 2944 restinxit
458 2902 520 2944 cum
543 2885 668 2944 lacrimis
817 2887 975 2959 sequamur
998 2893 1026 2944 te
1048 2887 1076 2944 in
1100 2885 1205 2960 patria,

205 2973 313 3032 Vulnus
336 2972 479 3030 occultum
500 2971 625 3045 pectoris
819 2972 908 3044 Quum
931 2971 1088 3044 promisisti
1109 2970 1240 3030 omnibus

203 3057 289 3116 Crine
312 3058 430 3116 detersit
455 3057 568 3130 capitis.
818 3057 860 3115 Te
883 3073 951 3116 vere
974 3055 1166 3130 diligentibus,

498 3164 527 3221 3.
550 3160 637 3232 Laus,
661 3160 753 3218 honor
774 3158 837 3236 tibi,
861 3158 992 3220 Domine.

217 3279 292 3328 Brev.
317 3294 365 3331 ms.
384 3279 410 3326 S.
429 3277 525 3328 Felicis
543 3277 691 3329 Gerunden.
715 3294 736 3327 a.
761 3292 787 3327 u.
812 3279 874 3326 anni
895 3273 967 3326 1290.
981 3277 1012 3325 Α.
1031 3303 1064 3311 -
1084 3276 1158 3325 Brev.
1178 3291 1224 3325 ma.
1243 3276 1328 3340 Capit.

149 3348 296 3398 Geruuden·
314 3344 339 3396 3.
358 3361 425 3396 saec.
446 3343 511 3396 '‘lro.
526 3349 554 3396 ll.
573 3373 606 3381 —
618 3348 694 3398 Brev.
713 3362 761 3396 ms.
774 3347 860 3410 Capit
875 3346 1024 3396 Gurundcn.
1041 3342 1066 3393 t.
1086 3359 1153 3393 saec.
1173 3343 1239 3394 “aa
1253 3347 1280 3394 c.
1297 3371 1326 3376 -

151 3412 173 3478 l,
195 3412 207 3465 l
230 3416 276 3465 illa
295 3417 434 3480 peccatrix,
453 3415 599 3465 Korrektur
616 3417 645 3465 in
662 3416 693 3465 B.

498 3649 553 3707 331.
593 3649 631 3706 De
650 3665 672 3705 s.
691 3648 780 3707 llario
798 3649 974 3724 llagdalana

152 3798 178 3859 1.
202 3796 259 3854 Pro
281 3794 400 3868 speciali
422 3795 510 3853 linteo
768 3797 797 3854 3.
821 3794 894 3853 Nam
917 3796 1032 3868 quidum
1056 3795 1144 3852 eorde
1165 3793 1275 3851 tumido

203 3880 329 3941 Servivit
351 3880 500 3953 capillulo,
820 3880 1040 3953 improperabat
1061 3880 1192 3954 Domino,

204 3968 284 4026 luter
306 3982 389 4024 sacra
409 3967 528 4024 conviva
819 3966 849 4024 Si
872 3973 968 4025 nosset
989 3967 1036 4024 hic
1057 3966 1194 4042 mysteria

204 4052 268 4109 Non
293 4051 385 4109 defuit
406 4051 526 4111 invidia.
822 4050 988 4111 Divinitatis
1008 4052 1117 4125 intima,

153 4156 181 4214 2.
204 4156 281 4226 Quae
303 4154 530 4228 protoplaustum
555 4154 666 4225 pepulit
768 4155 798 4213 4.
822 4154 887 4212 Non
909 4155 1016 4213 sineret
1038 4154 1225 4228 peccatricem

207 4240 251 4298 Dc
274 4241 400 4313 paradisi
423 4240 523 4316 gloria,
818 4239 854 4296 Se
876 4246 993 4313 tangore
1016 4241 1172 4301 mulierem.

205 4327 292 4398 cujus
315 4327 427 4401 longum
451 4326 581 4383 exsilium
820 4325 1008 4397 Respondeas
1030 4333 1124 4385 autem
1148 4325 1268 4399 provide

205 4412 304 4470 Crucis
327 4412 410 4470 solvit
435 4410 604 4484 patibulum.
823 4412 952 4470 Rimator
975 4413 1174 4486 conscientiae,
