2918 4868
602 254 832 318 -141-

142 436 171 493 t.
194 432 298 490 aureis
321 431 350 488 iu
373 428 489 488 sedibus
756 434 783 490 5.
809 428 970 487 Laudemus
993 427 1152 500 Dominum,

229 518 304 590 regis
325 515 421 574 vestiti
443 514 548 573 airrictu
846 531 928 586 quern
950 514 1069 571 laudant
1091 519 1234 588 martyres
1248 514 1307 586 isli,

191 594 235 662 dc
257 601 387 660 manibus
408 600 483 659 lauri
804 600 896 661 Utin
918 599 1089 657 consortium

233 688 327 761 virgas
350 702 403 759 pro
425 691 539 759 sceptro
561 691 690 743 terrentes
845 685 959 743 illorum
978 684 1061 758 jungi
1083 690 1112 742 et
1134 685 1190 758 ipsi

193 773 298 831 Christi
322 788 385 829 cum
408 770 546 829 militibus
810 770 946 828 Precibus
969 786 1066 828 eorum

231 859 259 916 in
282 858 349 916 altis
371 857 443 914 miro
464 858 603 919 locantur.
846 872 1006 914 mercamur
1026 861 1112 928 atque
1133 855 1231 913 locari.

197 979 271 1026 brev.
291 977 403 1025 Vicenac
430 977 492 1040 imp.
510 975 634 1040 Lugduni
662 971 734 1024 last.
756 999 786 1008 —
806 974 846 1024 rld
864 975 939 1024 Noct.
959 968 978 1022 R
996 970 1025 1034 3,
1048 970 1220 1039 3auppliciis
1240 987 1305 1021 mar-

133 1047 202 1110 tyrii.
216 1072 250 1081 -
261 1046 375 1095 Verbeia
388 1042 404 1094 8
415 1044 519 1094 Christo
532 1045 646 1109 crgrinzt.
658 1072 691 1080 —
701 1043 741 1093 ild
751 1045 814 1093 Bcu.
828 1049 854 1093 ct
862 1043 950 1107 Magn.
964 1039 989 1092 2.
1000 1043 1080 1107 Vesp.
1094 1041 1245 1108 prosaisclre
1258 1036 1310 1089 ΑΑ.

506 1209 548 1270 52
584 1210 622 1266 lle
640 1213 739 1266 auriota
758 1209 922 1282 ilargarita.

248 1341 293 1398 ln
319 1339 346 1401 1.
371 1336 567 1410 vesperis.
861 1338 902 1395 in
927 1338 953 1396 l.
978 1335 1188 1394 Nocturna

289 1460 374 1521 Super
391 1456 519 1506 Psalrnos.
935 1471 1110 1536 antiphonae.

128 1566 162 1622 d.
189 1567 259 1634 alvo,
283 1572 395 1635 rrrartyr
418 1561 588 1633 Margarita,

230 1649 308 1707 Coeli
330 1664 432 1720 sparsa
452 1646 568 1716 lumine,

191 1734 334 1792 Christum
357 1748 477 1805 sequeus
499 1731 528 1789 in
551 1731 606 1790 bac
622 1732 689 1804 vitat,

229 1819 304 1876 Dum
327 1818 436 1876 cruoris
458 1814 573 1875 flumine

191 1905 233 1961 Tc
255 1904 360 1975 lavisti,
384 1909 415 1960 tu
437 1920 488 1959 nos
511 1903 552 1961 ita

228 1990 392 2048 illustratos
414 1988 521 2045 lumine
753 1993 782 2049 2.
801 1987 925 2046 Pulchra
947 1987 1030 2045 nimis
1053 1994 1082 2045 et
1104 1987 1209 2046 elatura

230 2075 263 2131 ln
286 2074 401 2131 coelesti
424 2073 556 2148 culmine,
847 2075 930 2130 Vultu
955 2090 1017 2130 curn
1040 2071 1156 2131 amabili

195 2159 292 2233 Virgo,
315 2159 425 2216 contiuo
447 2166 476 2216 et
498 2158 597 2218 invita.
807 2159 897 2217 Deum
921 2159 988 2217 colit
1011 2159 1073 2216 sine
1094 2175 1175 2216 mora

128 2263 163 2323 a.
187 2262 267 2321 Sicut
290 2279 370 2320 ovem
393 2261 469 2319 inter
492 2261 573 2332 lupos
845 2243 957 2303 ΛΜΗ
980 2242 1114 2302 mirabili-

230 2348 278 2405 Mc
299 2354 423 2406 stantem
447 2344 586 2420 adspicio,

193 2432 251 2491 Sed
274 2449 360 2490 cerno
382 2432 446 2489 illos
467 2431 590 2490 caducos

228 2519 334 2577 Divino
353 2518 479 2590 judici03

191 2604 271 2662 Sicut
292 2621 394 2677 passer
415 2603 451 2662 ab
474 2617 583 2673 aucupe

227 2690 330 2764 Ligula
351 2707 413 2747 sum
435 2687 471 2747 ab
494 2686 591 2761 impio,

127 2777 159 2833 V.
189 2774 304 2850 Stringe
324 2776 405 2834 illurn
429 2792 491 2832 cum
514 2771 624 2845 forcipe

227 2862 396 2921 ardendum
416 2861 445 2917 in
466 2857 616 2933 supplicio.

755 1594 781 1651 l.
806 1593 920 1666 blartyr
943 1594 1022 1666 uirgo
1044 1608 1191 1666 generosa,

843 1679 925 1738 Statu
947 1677 1045 1737 fruens
1064 1677 1173 1748 humili,

803 1765 882 1823 luter
903 1766 1001 1837 spinas
1023 1770 1134 1823 statut
1156 1779 1230 1834 rosa,

844 1850 933 1909 Modo
953 1849 1084 1923 fragrans
1105 1848 1206 1908 nobili.

753 2384 782 2444 3.
806 2382 881 2440 Dum
904 2381 1010 2440 Christi
1030 2382 1129 2456 jugum
1152 2379 1260 2438 teucris

843 2466 944 2526 Puella
967 2473 1063 2539 portat
1086 2466 1221 2536 ilumeris,

807 2553 868 2611 Viis
890 2553 1036 2626 sejungit
1058 2552 1169 2626 superis

843 2640 876 2697 ln
900 2637 958 2696 lide
979 2644 1059 2697 stans
1082 2655 1152 2713 prae
1178 2637 1294 2695 ceteris.

932 2808 1120 2874 Responsoria.

445 2997 451 3007 ,
751 2934 779 2993 1.
802 2934 874 2993 Jcsu
895 2931 1010 2992 Christe
1032 2928 1181 3006 mirabilis,

303 2996 344 3046 nd
361 2993 522 3060 M⁸g¹¹¹fi⁰²¹²‘
846 3019 985 3076 Peccator
1007 3033 1059 3090 per
1080 3021 1110 3073 tc
1131 3016 1268 3090 salvatur,

129 3102 165 3159 A.
189 3101 383 3173 Exsurgamus
406 3105 435 3157 et
455 3117 601 3159 narremus
808 3102 881 3174 Quia
903 3119 966 3160 curn
989 3102 1028 3159 sis
1050 3100 1210 3175 placabilia,

231 3185 407 3259 Margaritae
427 3185 576 3244 victorium
846 3190 872 3246 Α
896 3194 924 3245 te
947 3203 1029 3245 acmo
1053 3184 1211 3257 refutatum

194 3272 290 3342 Atque
310 3287 407 3344 genus,
431 3271 455 3328 si
478 3271 613 3350 valemus,
810 3275 902 3333 Cedat
924 3273 1043 3331 doemon
1067 3269 1223 3341 horribilis,

231 3357 369 3415 Feramus
390 3355 428 3414 ad
451 3357 632 3430 memoriam3
848 3360 908 3430 Quo
924 3364 1038 3416 sanctus
1054 3356 1146 3415 omnis
1164 3362 1308 3429 tentatur3

193 3442 264 3500 Orta
287 3439 379 3499 fertur
398 3457 433 3499 ex
456 3441 555 3515 gentili
746 3446 780 3508 V.
808 3444 873 3503 Non
896 3443 993 3502 laedat
1015 3458 1060 3499 mc
1082 3457 1145 3499 eum
1165 3441 1279 3514 jaculis,

232 3527 401 3587 Patriarcha
423 3526 580 3601 gentilium,
848 3529 905 3588 Sed
927 3546 945 3587 a
967 3535 996 3586 te
1018 3528 1101 3601 longe
1122 3527 1255 3601 pellatur,

195 3613 290 3671 Pascit
311 3629 379 3672 oves
401 3628 437 3671 er
459 3612 527 3671 ovili
807 3613 882 3674 Num
905 3631 966 3672 sum
984 3613 1081 3687 puella
1103 3610 1214 3687 fragilis

228 3700 312 3771 juxta
335 3715 440 3756 morem
464 3697 621 3762 humilium.
847 3699 973 3772 Timens,
996 3714 1032 3757 ne
1053 3714 1134 3757 meus
1155 3698 1309 3772 polluatur.

256 3870 311 3927 Ad
331 3869 572 3928 Matutinum·
758 3843 786 3899 2.
809 3839 890 3897 Tunc
912 3834 1060 3910 praelatus
1082 3835 1219 3909 Olybrius

850 3924 977 3982 Puellam
999 3923 1041 3981 sic
1062 3922 1234 3996 alloquitur:

810 4011 833 4069 Ο
856 4009 880 4067 si
903 4009 981 4068 Deus
1003 4008 1164 4068 Mercurius

195 4093 298 4151 Omnes
320 4092 467 4151 laudemus
490 4092 651 4172 Dominum,
849 4097 875 4154 Δ
898 4101 927 4153 te
948 4095 979 4154 in
1001 4095 1109 4168 templo
1131 4093 1243 4164 colitur,

231 4176 284 4250 Qui
307 4178 393 4250 elegit
414 4177 600 4253 Margaritam
811 4181 850 4238 Et
872 4197 975 4255 eorpus
998 4180 1068 4237 milri
1091 4178 1206 4237 dederis

232 4261 275 4319 De
297 4261 525 4335 postfoetantes
546 4265 649 4338 ovium,
849 4266 1045 4339 Copulanduui
1068 4279 1258 4335 conanime,

197 4346 310 4405 Ducens
333 4348 407 4406 hauc
428 4347 499 4406 flore
521 4347 649 4408 fulcitam
811 4352 912 4411 Pacem
935 4349 1088 4425 praestabo
1110 4350 1215 4424 pueris,

233 4434 315 4492 lutra
337 4434 409 4493 coeli
432 4434 603 4497 conanum.
848 4438 952 4500 Servos
981 4437 1077 4495 ditans
1099 4451 1163 4494 cum
1185 4434 1306 4510 bonore,

317 3988 511 4038 invitatorium.
