2918 4868
607 274 835 338 -205-

136 450 164 507 3.
188 449 248 507 Ista
270 448 392 520 sumpsit
414 446 499 505 fidem
522 448 628 506 Christi
752 451 780 509 5.
803 448 896 508 Fluxa
920 447 1003 506 matri
1025 447 1167 507 cruciatae

191 532 256 591 Non
278 533 424 592 haerendo
446 533 553 590 mundo
576 532 662 605 tristi,
805 533 922 592 cruoris
946 539 975 591 et
996 538 1168 606 aggravatae

192 619 375 691 Peroptando
399 619 569 676 consortium
806 619 964 679 Sanitatem
987 617 1153 689 contribuit,

188 702 437 777 Supernorumque
460 704 573 764 civium.
805 704 879 763 Nam
901 705 1017 780 Agatha
1040 705 1110 762 liaeo
1132 702 1248 762 monuit.

137 810 165 866 4.
190 806 288 878 Virgo,
312 812 361 864 tua
384 806 529 864 contulisti
753 811 783 869 6.
808 807 919 879 Virgini
942 812 1009 864 sunt
1030 822 1140 879 poenae
1163 806 1256 882 datae,

190 892 305 964 Egenis,
330 908 380 949 cur
402 892 539 962 meruisti,
805 894 883 964 Quae
905 890 1021 950 fuerunt
1040 891 1094 949 sibi
1122 897 1229 964 gratae,

192 977 232 1037 Ut
255 978 337 1048 coeli,
361 994 455 1036 sumas
478 978 633 1050 praemium
805 980 899 1050 Quare
922 978 1045 1051 palmam
1068 976 1202 1047 obtinuit,

193 1062 379 1136 Paradisique
401 1063 544 1136 gaudium.
804 1065 883 1134 Quae
906 1079 1038 1122 coronam
1062 1062 1228 1137 promeruit.

496 1168 523 1227 7.
549 1167 648 1225 Honor
670 1168 745 1239 patri
765 1172 851 1239 atque
872 1171 941 1224 nato

544 1252 644 1323 Detur,
670 1251 706 1309 ab
728 1259 793 1310 utro
816 1251 898 1310 beato

545 1337 771 1410 Procedentique
796 1335 904 1395 flamini

544 1424 640 1496 Atque
661 1429 822 1482 sanctornm
844 1423 960 1496 agmini.

209 1543 283 1591 Brev.
303 1540 463 1591 Celsorrensc
482 1542 544 1606 imp.
563 1542 790 1605 Caesaraugustae
811 1537 883 1591 1514.
903 1567 933 1574 -
957 1538 978 1603 l,
1000 1536 1117 1591 lLueia.
1136 1566 1166 1574 -—
1186 1535 1211 1598 2,
1229 1534 1317 1587 scul-

141 1615 214 1658 turno
233 1615 266 1658 et.
291 1636 321 1643 —
345 1607 370 1669 3,
394 1607 410 1660 l
434 1626 484 1674 que
503 1611 617 1674 crginzt.
635 1634 668 1641 —
687 1607 710 1671 5,
732 1608 744 1659 1
764 1612 889 1660 cruciare.
907 1637 935 1645 -·
959 1606 984 1669 5,
1002 1605 1019 1658 2
1037 1622 1189 1674 aggravare.
1208 1632 1240 1642 -
1259 1602 1318 1666 7‚2

139 1679 188 1727 lies
202 1680 243 1727 a'it
260 1678 294 1727 ab
311 1682 441 1744 utroque?
460 1705 491 1712 -
528 1679 677 1729 Veriasser:
701 1678 855 1744 Anonymus
874 1678 1049 1729 Celaeneusis.

545 1844 604 1901 lna.
640 1844 679 1901 lle
697 1844 796 1901 sauata
814 1842 907 1900 lucia.

646 1965 689 2020 Ad
708 1965 822 2021 Laudes.

144 2093 171 2152 1.
194 2092 362 2152 Gralulctur
383 2092 466 2165 plebs
491 2091 584 2151 fidelis
755 2093 785 2151 4.
806 2090 955 2162 Completa
977 2088 1053 2149 vitae
1076 2090 1154 2148 dieta

196 2176 372 2236 l‘rolerendo
395 2178 577 2250 praeconium
806 2176 929 2248 Propter
951 2192 1063 2235 sacrum
1087 2175 1255 2248 martyrium

198 2262 311 2339 Latiar,
341 2280 424 2336 quarn
448 2263 551 2322 chorus
571 2263 703 2320 coelestis
808 2261 947 2321 laetatur
969 2261 1027 2320 vita
1049 2260 1146 2334 quieta

195 2348 317 2424 Laudat,
340 2348 445 2421 probat
467 2350 641 2408 coelestium.
808 2347 924 2421 Olympi
948 2362 1062 2405 sumens
1085 2345 1251 2419 praemium.

142 2454 170 2510 2.
194 2451 313 2522 Quando
342 2457 457 2510 sanctae
480 2468 556 2510 mors
579 2451 704 2508 crudelis
758 2457 786 2512 5.
810 2450 897 2524 Virgo
921 2450 1054 2508 redolens
1076 2454 1178 2507 ornata

196 2536 392 2609 Praeparabat
413 2536 595 2610 supplicium,
809 2535 957 2597 castitatis
979 2533 1013 2593 fit
1032 2534 1103 2607 lilio,

196 2621 361 2680 Sanctitatis
384 2629 517 2680 constans
539 2622 608 2680 nelis
810 2623 895 2681 Alma
916 2637 1034 2680 manens
1055 2620 1117 2681 Deo
1140 2618 1218 2688 data,

195 2707 249 2766 Dei
273 2707 349 2779 cepit
370 2708 537 2769 subsidium.
808 2708 889 2778 Quod
912 2706 1026 2765 sustulit
1050 2705 1197 2778 martyrio.

143 2815 173 2873 3.
196 2812 244 2870 Ad
267 2811 390 2884 palmam
414 2812 540 2869 cucurrit
560 2810 638 2869 laeta
757 2814 785 2871 6.
809 2812 865 2870 Per
886 2815 924 2884 te,
948 2807 1047 2881 Lucia,
1071 2808 1156 2867 beata

196 2897 378 2970 Peroptando
402 2897 573 2955 consortium
808 2895 850 2955 Ut
871 2895 908 2953 sit
930 2895 1001 2953 haee
1023 2909 1158 2967 praesens
1180 2893 1289 2969 concio,

195 2983 370 3055 Angelorum
392 2983 492 3040 mortis
514 2987 600 3054 meta,
811 2980 880 3052 Fac,
903 2985 1111 3053 postmortem
1135 2979 1269 3038 dedicata

196 3068 255 3128 Cur
276 3068 348 3127 coeli
370 3069 491 3140 sumpsit
513 3067 657 3142 gaudium.
810 3066 843 3124 ln
865 3071 1028 3124 sanctorum
1051 3064 1183 3138 collegio.

501 3174 528 3231 7.
552 3170 652 3228 Honor
675 3168 751 3242 patri
773 3173 858 3241 alque
880 3172 948 3226 nato

549 3258 587 3318 Et
611 3253 647 3313 ab
670 3261 791 3327 utroque
813 3251 921 3312 flamini

549 3339 723 3401 Procedenti
744 3339 783 3398 sit
804 3337 889 3398 beato

549 3428 644 3500 Aiane
666 3424 791 3498 simplici
811 3423 928 3484 numiui.

142 3548 293 3666 ClsBrev.¹
311 3546 468 3597 Gelaonense
492 3547 554 3611 imp.
577 3545 805 3610 Caesaraugustae
830 3539 903 3593 1514.
933 3567 967 3576 -
996 3541 1144 3592 Verfasser:
1168 3541 1323 3606 Anonymus

164 3631 178 3665 e
204 3630 319 3667 onensrs.

459 3781 519 3838 358.
557 3780 595 3837 lle
613 3794 650 3836 ss.
666 3777 786 3835 buriano
805 3779 835 3835 at
854 3775 1004 3835 llarciauo.

627 3899 670 3954 Ad
687 3899 829 3968 Vesperas

148 4030 176 4090 l.
201 4030 322 4103 Fulgent
347 4028 475 4088 membra
496 4027 613 4101 gloriosi
763 4029 792 4090 2.
815 4025 870 4100 Qui
891 4024 990 4084 Sabini
1013 4030 1225 4082 contemnentes

237 4115 356 4174 Lucinni
382 4115 516 4189 martyris
858 4111 926 4170 olim
945 4111 1025 4182 Jussa
1049 4109 1181 4180 consulis,

205 4201 284 4259 Intra
305 4200 404 4258 urbem
429 4200 492 4259 Vici
515 4215 635 4272 sacram,
816 4196 970 4256 Derelictis
991 4195 1131 4252 idolorum

240 4287 299 4359 iarn
323 4286 383 4344 Deo
406 4284 586 4360 placabilem,
859 4283 1083 4353 daemonumque
1106 4279 1238 4352 cultibus,

198 4371 322 4444 Fulgent
344 4379 372 4429 et
394 4371 526 4429 miranda
546 4371 639 4429 sancti
814 4367 917 4426 Libros
940 4365 1133 4425 exsecrandae
1154 4364 1225 4438 legis

240 4455 382 4519 Marciani
404 4457 534 4533 pignora
859 4456 1096 4525 consumpserunt
1119 4449 1241 4523 ignibus.
