2918 4868
624 293 855 360 -169-

210 465 396 540 Attemptans
416 475 547 527 sunctum
569 470 702 543 perdere,

211 555 353 624 Arreptus
375 559 419 611 cst
440 571 459 612 n
481 555 627 633 daemone,

250 637 309 698 Sed
332 654 418 712 prece
440 640 588 704 liberatus.

339 772 380 822 Ad
397 775 522 825 Tertiam.

210 876 321 934 Piscem
343 878 482 936 mordens

249 962 339 1021 hostis
362 961 530 1022 febricitans

211 1048 399 1107 Benedictum

250 1133 337 1192 saluti
359 1134 492 1193 redditur

212 1219 252 1277 Et
273 1220 302 1278 in
325 1226 424 1279 sancto

248 1304 340 1362 Deum
362 1305 548 1379 magnificans

208 1392 241 1449 ln
263 1397 383 1464 utreque

244 1493 363 1549 prorsus
386 1476 523 1541 reficitur.

143 1578 178 1636 R.
203 1577 329 1652 Signifer
351 1581 496 1656 immense,

246 1665 291 1722 cui
315 1673 400 1724 vovet
421 1664 533 1724 confluo
555 1680 625 1739 gens
646 1680 687 1737 se,

208 1749 324 1810 Civibus
348 1756 482 1809 extensae

886 475 926 534 Iu
949 477 978 538 2.
1001 476 1199 550 Vesperis

939 610 979 660 Ad
996 612 1157 677 Magnificat.

764 732 801 790 A.
825 730 972 807 Absorpta
994 734 1066 792 lucis
1088 736 1183 796 anime

867 818 945 876 Luce
968 816 1112 879 fruitionis

828 904 963 963 Exsultat
983 905 1012 964 in
1035 905 1147 966 laetitia

866 988 1016 1050 Perfectus
1038 991 1166 1071 visionis,

828 1075 922 1153 Petro,
946 1093 1000 1150 pro
1022 1075 1105 1134 nobis
1127 1078 1256 1152 obsecra,

865 1160 940 1219 Dum
961 1169 1073 1236 tempus
1096 1170 1140 1220 est
1159 1166 1267 1237 agonis,

828 1245 872 1304 Ne
893 1263 944 1305 uos
967 1248 1065 1307 clades
1087 1247 1228 1322 pestifero

866 1331 1020 1408 Demergnt
1040 1335 1208 1396 Pharaonis,

885 1570 997 1632 Infra
1019 1574 1207 1635 Octavum.

933 1709 974 1759 Ad
992 1711 1157 1761 Benedictus.

246 1835 318 1893 coeli
340 1852 391 1894 nos
414 1837 527 1909 suscipe
550 1852 675 1905 mensae,
759 1832 797 1892 A.
820 1830 994 1890 Benedictus
1016 1848 1067 1891 rex
1089 1833 1190 1904 isreel,

143 1920 177 1982 V.
206 1921 271 1980 Iron
292 1936 446 1979 succensae

245 2023 381 2080 nusquam
404 2023 558 2081 paveamus
577 2006 613 2065 ab
629 2022 706 2067 ense.

336 2141 378 2192 Ad
396 2141 512 2193 Sextum.

205 2246 289 2317 Aqua
311 2263 429 2305 manans
452 2262 487 2304 ex
510 2247 576 2304 ilice

206 2330 317 2390 Natura
338 2349 456 2405 prorsus
477 2333 558 2391 obice

243 2415 280 2474 Se
302 2418 432 2475 manibus
454 2424 483 2474 et
504 2419 553 2476 siti

207 2501 411 2575 Obsequiosum
433 2503 575 2581 praebuit,

206 2586 269 2644 lloc
290 2588 399 2662 signum
422 2589 528 2647 multos
550 2590 674 2662 perculit

243 2673 375 2732 Rumoris
397 2675 530 2737 inauditi.

338 2810 379 2860 Ad
397 2811 509 2862 Nonam.

206 2913 356 2986 Proselytu
378 2914 505 2986 paralysi

204 2997 244 3055 Et
266 3013 418 3058 nervemm
441 2999 594 3073 multiplici

243 3083 370 3142 Lnesnrs
393 3084 532 3143 dissoluta

202 3168 256 3225 Est
278 3169 370 3241 putris
391 3170 560 3248 patrocinio,

202 3253 242 3312 Ut
264 3253 343 3326 vulgi
365 3254 426 3312 vult
448 3255 554 3333 opinio,

242 3337 334 3397 Saluti
356 3338 497 3402 restituta.

823 1917 901 1975 Deus
924 1923 1022 1976 noster
1041 1918 1191 1995 emanuel,

823 2003 878 2073 Qui
901 2005 986 2062 Petro
1008 2019 1061 2062 suo
1084 2001 1199 2080 famulo,

824 2088 863 2147 Ut
884 2088 977 2146 lucem
1000 2089 1083 2147 duret
1104 2092 1220 2163 populo,

822 2175 966 2232 Virtutum
987 2171 1165 2233 effluentiam

823 2258 912 2317 Dedit
934 2265 962 2317 et
984 2260 1099 2332 plenam
1121 2261 1259 2334 gratiem3
1323 2254 1330 2264 ’

822 2344 926 2418 Sisque
948 2346 1093 2418 complens
1116 2344 1241 2406 fideliter

821 2431 993 2489 Adsumitur
1014 2429 1148 2489 feliciter·

821 2517 1002 2590 Regnaturus
1025 2533 1088 2574 cum
1111 2517 1232 2576 Domino

864 2603 897 2660 ln
921 2609 1078 2663 ueternum.

929 2789 970 2840 ne
988 2789 1150 2856 nmmos.

756 2914 793 2974 A.
816 2915 889 2985 Ave,
913 2913 1059 2986 speculum
1082 2915 1215 2983 oxomae,

821 2999 884 3056 Lux
906 3005 935 3056 et
957 2998 1043 3057 decus
1066 2997 1213 3066 ecclesiae,

821 3083 912 3143 Unice
935 3090 1021 3157 pater
1042 3099 1209 3156 pauperum,

820 3170 970 3242 Singulare
992 3168 1157 3241 remedium,

821 3254 938 3313 Cunctis
959 3254 998 3313 ed
1020 3260 1049 3311 te
1072 3252 1261 3314 clementibus

819 3339 912 3399 Deum
934 3339 1025 3399 redde
1044 3338 1210 3413 propitium.

207 3456 284 3506 Brev.
302 3470 350 3503 ms.
368 3455 516 3506 (immense
533 3472 600 3508 saec.
621 3453 660 3507 15.
688 3458 752 3508 cod.
771 3458 855 3519 Capit
874 3457 1000 3508 Oxomen.
1019 3472 1040 3506 s.
1058 3472 1084 3506 rr.
1105 3485 1135 3492 -
1150 3457 1182 3507 In
1200 3453 1225 3506 2.
1243 3457 1318 3508 Noct.

140 3519 159 3572 lt
180 3521 201 3585 1,
221 3521 237 3573 ‘l
256 3524 335 3574 Hunc
352 3522 467 3576 divinae.
489 3552 518 3559 κ
539 3527 571 3576 ln
588 3521 613 3577 3.
632 3527 708 3577 Noct.
728 3522 748 3576 ll
766 3522 791 3589 3,
809 3522 875 3577 31n
894 3542 997 3577 munus.

494 3691 536 3748 63.
572 3692 611 3749 lle
629 3707 651 3749 s.
668 3689 822 3750 boimunde
839 3689 962 3750 Rotensi.

268 3818 309 3877 ln
333 3819 362 3881 1.
385 3818 582 3894 vesperis.

310 3919 350 3969 sn
368 3920 529 3986 nmmum

136 4008 174 4067 A.
194 4005 342 4066 Laudibus
367 4007 486 4081 insignis

243 4093 421 4151 Ruimundus
431 4094 532 4168 dignus
541 4099 570 4153 ct
578 4094 701 4170 hymnis,

199 4177 367 4236 Sanctorum
391 4196 469 4238 more

243 4263 343 4321 micuit
366 4264 473 4322 Christi
495 4264 547 4323 sub
571 4266 689 4339 honore,

198 4347 396 4422 Exemploque
417 4351 482 4423 peri

241 4436 402 4494 mmeamur
423 4436 499 4495 huuc
520 4435 637 4497 imitari.

877 3821 934 3880 Ad
955 3821 1200 3885 Matutiunm.

935 3957 1129 4008 invitatorium.

818 4077 962 4137 Clvristum
981 4079 1140 4152 laudemus,

860 4180 917 4222 unu
939 4164 1060 4225 Domino
1079 4160 1243 4237 jubilemus,

815 4249 903 4319 Quem
925 4250 1036 4310 macula
1057 4251 1181 4309 mundus

860 4334 919 4393 vita
942 4335 1059 4395 decoret
1080 4335 1269 4397 Ruimundus.
