2918 4868
639 260 871 325 ..204-

251 437 372 495 Lector:
403 437 496 494 Etiam
521 436 584 507 ipse
606 434 754 493 coufessus
776 440 829 505 est,
851 449 883 490 se
904 448 967 489 esse
983 431 1186 492 Christianum.

254 519 382 580 Cantor:
402 521 441 579 Et
463 519 610 579 confessus
633 526 727 577 estet
749 535 805 577 non
829 518 943 591 negavit
966 517 1110 576 Christum
1134 518 1307 581 Dominum.

252 608 371 667 Icctrrr:
401 608 489 668 Ducti
510 612 587 678 suut,
610 605 710 678 inquit,
733 604 817 663 ambo
838 603 947 677 pariter
968 603 1006 661 ad
1029 603 1212 681 supplicium,

254 693 381 753 Cantor:
404 693 444 751 Ut
466 697 645 750 mererentur
666 691 797 764 accipere
819 706 953 748 coronam
976 689 1093 763 gloriae.

253 781 375 838 Lector:
406 778 446 837 Et
477 795 539 836 cum
564 777 737 835 ducerentur
758 776 789 834 iu
810 775 865 847 via,
890 775 1001 847 rogavit
1022 774 1170 851 tacebam,
1195 776 1269 836 dare
1293 779 1354 837 sibi

167 865 369 942 remissionem,

258 949 387 1010 Cantor:
410 949 578 1008 Sanctomm
600 945 833 1018 communionem,
857 945 1052 1004 remissionem
1075 950 1270 1019 peccatorum.

252 1036 371 1094 Lectius
401 1037 439 1092 At
463 1035 512 1092 ille
535 1048 690 1107 parumper
712 1031 876 1090 deliberans

255 1119 383 1180 Cantor.-
404 1120 566 1192 Baptizavit
597 1134 660 1175 eum
693 1117 819 1178 lacobus
853 1117 881 1175 in
913 1117 1005 1190 patris
1037 1124 1066 1174 et
1098 1116 1149 1175 filii
1189 1127 1218 1176 et
1251 1123 1350 1179 sancti

167 1207 286 1280 spiritus
312 1206 472 1265 clementia.

254 1293 377 1351 Lector:
406 1292 466 1350 Pax
490 1289 551 1366 tibi,
575 1289 676 1362 inquit,

257 1374 383 1436 Cantor:
406 1378 509 1436 Pacem
532 1376 597 1448 pius
619 1375 782 1433 consolator
802 1373 855 1433 tibi
878 1380 1014 1446 praestet,

254 1463 374 1521 Lector:
404 1462 443 1520 Et
465 1462 609 1519 osculatus
631 1467 675 1518 est
696 1475 770 1521 eum.

258 1548 386 1606 Cantor:
409 1550 433 1608 0
455 1546 626 1605 admiranda
649 1547 739 1605 divini
761 1544 866 1603 amoris
888 1544 983 1602 basia!

256 1633 378 1692 Lector:
407 1632 447 1690 Et
468 1634 508 1690 ita
528 1632 611 1689 ambe
635 1632 729 1705 capite
751 1630 828 1704 plexi
851 1636 927 1692 suut.

258 1718 383 1775 Cantor:
406 1718 445 1776 Et
468 1718 532 1775 ideo
555 1733 673 1775 coruscas
696 1714 884 1788 triumphales
908 1721 1080 1778 meruerunt.

253 1805 374 1861 Lector:
403 1804 461 1860 Sed
483 1810 566 1879 tune,
598 1802 690 1875 inquit
709 1808 741 1859 ut
763 1801 907 1874 scriptura
930 1800 1043 1869 divina,
1079 1802 1179 1860 videns
1203 1803 1349 1881 Herodes,

171 1891 238 1962 quia
261 1891 297 1946 de
318 1889 419 1946 iacobi
441 1894 533 1945 morte
553 1893 664 1960 gratnm
687 1895 763 1945 esset
785 1885 935 1958 Hebraeis,

258 1973 388 2035 Ocrrtor:
410 1975 463 2045 Qui
487 1988 548 2030 cum
572 1974 647 2032 nrale
670 1971 809 2048 iecerunt,
832 1974 1027 2031 exsultantia
1051 1974 1136 2031 rebus
1159 1974 1305 2046 pessimis,

256 2062 373 2118 Lector:
404 2058 528 2119 Addidit
550 2061 654 2133 adhuc,
677 2067 706 2116 et
728 2056 843 2115 Petrum
868 2059 990 2129 conjecit
1012 2060 1041 2117 in
1065 2075 1220 2136 carcerem,

256 2145 382 2205 Occator:
404 2146 590 2218 Tradeusqne
605 2152 726 2217 quatuor
736 2143 970 2217 quaternionibus
981 2145 1102 2202 militum
1115 2146 1348 2215 custodiendum,

255 2231 376 2289 Lector:
407 2232 474 2288 Sine
504 2230 591 2288 dubio
621 2230 706 2287 etiam
737 2231 828 2303 ipsum
859 2230 961 2301 punire
992 2230 1106 2306 voleus,
1138 2230 1192 2287 nisi
1216 2231 1346 2291 divinum

168 2315 309 2376 adfuisset
330 2316 475 2387 auxilium,

258 2401 386 2460 Cantor:
408 2403 468 2473 Quo
498 2401 616 2474 angelus
645 2401 671 2457 ei
703 2406 787 2458 noete
817 2400 969 2473 adsistens,
1001 2407 1028 2456 et
1058 2401 1152 2459 lumen
1184 2400 1299 2460 refulsit
1318 2405 1348 2461 iu

171 2487 334 2546 habitaculo
356 2487 489 2546 carceris.

256 2573 380 2631 Lector:
410 2571 585 2630 Mirabiliter
606 2588 670 2630 eum
694 2572 869 2631 viuculomm
892 2571 1013 2629 nexibus
1035 2572 1134 2635 solvit.

259 2655 388 2716 Cantor:
410 2658 450 2716 Et
472 2659 638 2716 cecideruut
659 2664 777 2716 catenae
798 2656 835 2715 de
857 2656 988 2716 manibus
1010 2658 1080 2729 ejus.

255 2743 377 2804 Lector:
409 2743 449 2801 Et
470 2744 507 2801 ad
530 2744 719 2802 ministerium
740 2742 964 2815 praedicationis
986 2749 1018 2800 ut
1040 2742 1161 2801 liberum
1172 2743 1270 2815 jussit.
1309 2743 1348 2802 Et

171 2846 233 2886 cum
258 2830 343 2887 Petro
372 2828 486 2901 quidem
509 2828 580 2886 baec
602 2834 683 2901 gesta
704 2833 779 2891 sunt.
824 2829 911 2901 Regis
933 2844 1001 2886 vero
1026 2826 1134 2886 facinus
1157 2830 1186 2886 in
1208 2829 1349 2901 apostolis

172 2920 367 2988 perpetratum
392 2914 556 2973 dilationem
580 2932 635 2974 non
651 2915 761 2987 patitur
777 2914 903 2982 ultiouis,
926 2914 977 2972 sed
994 2915 1128 2972 continuo
1144 2913 1251 2972 vindex
1265 2914 1350 2973 adest

170 3001 265 3059 divium
290 3001 418 3061 dextera.

258 3084 482 3156 derewent
505 3086 640 3143 delictum
663 3086 724 3143 siue
746 3085 854 3143 ultione
876 3102 931 3142 non
956 3086 1061 3142 deserit
1085 3087 1233 3148 Dominus.

258 3172 378 3230 Lector:
409 3171 490 3231 Sicut
523 3170 644 3229 historia
676 3171 704 3229 in
738 3171 932 3242 apostolorum
960 3171 1071 3229 actibus
1102 3172 1265 3244 conscripta
1296 3190 1349 3231 uos

172 3258 282 3315 edocet.
334 3259 421 3327 Cum,
455 3257 563 3328 iuquit,
597 3256 764 3315 Caesaream
795 3255 991 3314 descendisset
1021 3258 1152 3317 llerodes
1181 3264 1210 3314 ct
1240 3258 1269 3316 iu
1301 3259 1349 3317 die

174 3343 293 3401 solemni
317 3344 466 3414 praeclara
488 3349 567 3399 veste
589 3342 668 3415 regia
688 3341 806 3399 indutus
828 3358 881 3414 pro
903 3341 1039 3400 tribunali
1063 3342 1239 3401 consedisset
1261 3360 1297 3402 ac
1312 3345 1349 3401 dc

171 3428 285 3486 sublimi
307 3428 523 3486 concionaretur
544 3428 582 3485 ad
604 3428 750 3501 populum,

259 3512 431 3572 Contorco
462 3529 576 3571 caecum
607 3512 740 3584 divitem,
768 3513 852 3584 iuxta
880 3517 922 3569 est
947 3512 1009 3571 dies
1030 3512 1202 3585 perditionis
1224 3514 1297 3587 ejus,
1320 3519 1350 3572 et

169 3600 272 3658 arlcsse
294 3596 432 3656 festinant
453 3600 598 3671 tempora!

256 3685 376 3743 Lector:
407 3684 533 3757 Cumque
555 3683 677 3757 populus
698 3685 875 3743 adclamaret
898 3684 939 3742 ei:
964 3684 1019 3742 Dei
1042 3699 1125 3743 voees
1140 3702 1197 3743 nou
1212 3683 1346 3755 bominis,

171 3770 284 3846 statim,
308 3769 414 3846 inquit,
439 3771 579 3843 percussit
603 3785 665 3828 eum
688 3770 806 3844 augelus
827 3769 959 3841 Domini,
989 3785 1023 3828 co
1040 3770 1116 3843 quod
1138 3787 1192 3829 non
1218 3770 1348 3829 dedisset

170 3857 288 3930 gloriam
312 3854 384 3918 Deo.

259 3939 388 3999 Cantor:
418 3944 441 3999 Α
466 3941 566 4014 planta
588 3941 671 4013 pedis
690 3957 779 4015 usque
793 3941 832 3999 ad
847 3940 983 3999 verticem
998 3957 1054 3998 non
1075 3945 1119 3997 est
1133 3941 1162 3999 iu
1179 3956 1212 3998 eo
1227 3940 1350 4003 sanitas.

256 4027 378 4084 Lector:
415 4027 455 4085 Et
476 4032 590 4084 scatens
612 4026 756 4086 vermibus
778 4027 946 4099 exspiravit.

260 4111 385 4170 Cantor:
414 4112 467 4184 Qui
497 4112 576 4184 quasi
610 4113 732 4184 putredo
766 4113 941 4171 consumitur
970 4117 997 4168 et
1028 4112 1108 4185 quasi
1138 4112 1349 4181 vestimentum,

172 4199 247 4272 quod
270 4196 429 4255 comeditur
448 4215 466 4255 a
488 4198 574 4256 tinea.

257 4284 379 4342 Lector:
409 4283 486 4341 Laus
508 4283 571 4341 Deo
593 4284 631 4341 sit
653 4291 681 4341 et
702 4284 804 4357 gloria,

259 4368 388 4429 Cantor:
408 4370 511 4442 Amen,
