2918 4868
619 299 851 364 -214-

488 465 547 523 373.
583 465 622 523 lic
640 481 662 522 s.
681 463 771 526 liaris
788 464 971 540 Aegyptiace.

646 587 689 641 Ad
706 587 820 642 Laudes.

143 713 170 772 1.
193 712 217 771 0
240 728 307 771 vere
331 711 400 771 felix
423 712 538 784 femina,
758 716 787 773 4.
810 711 869 772 Ubi
891 728 995 786 corpus
1017 712 1197 771 Dominicum

196 797 368 870 Exemplum
391 799 501 858 donans
525 798 648 871 domina,
811 799 881 859 Cum
903 796 1025 856 flexione
1046 814 1168 873 genuum

194 883 302 942 Ornata
324 885 495 957 virtualiter,
810 884 837 943 A
859 884 971 942 Zosima
993 884 1185 943 ministratum

197 969 292 1028 Vitam
316 971 434 1028 excellis
455 969 609 1033 hominum.
814 969 934 1043 Recepit
956 968 1134 1033 beneficium.

142 1075 172 1133 2.
196 1069 354 1130 Informata
376 1089 394 1130 a
416 1071 520 1146 spiritu
761 1077 789 1131 5.
812 1071 898 1149 duva,
922 1077 1023 1143 mater,
1045 1073 1236 1149 poenitentes,

197 1157 284 1216 Venit
305 1157 424 1216 honesto
445 1157 545 1216 habitu
813 1157 850 1216 Se
871 1173 925 1231 pro
948 1158 1041 1231 culpis
1064 1163 1252 1233 conterentes,

194 1243 243 1302 Ad
266 1241 381 1301 fluvium
403 1242 587 1314 londensem,
813 1243 854 1304 Ut
875 1248 970 1301 tecum
992 1259 1106 1316 sempor
1126 1244 1283 1317 gaudentes

199 1328 244 1388 lbi
268 1329 367 1387 videre
389 1328 550 1388 Dominum.
809 1328 888 1387 Coeli
910 1326 1043 1387 fruantur
1064 1330 1168 1401 patria.

146 1435 175 1492 3.
198 1431 383 1505 integraliter
403 1430 540 1490 mundata
761 1434 789 1490 6.
814 1431 941 1507 Praesta,
965 1437 1048 1504 pater
1069 1431 1197 1504 piissime

197 1516 314 1574 Transit
336 1514 440 1575 flumen
463 1515 521 1575 fixa
542 1531 617 1588 aqua
814 1517 950 1588 Patrique
972 1533 1089 1590 compar
1110 1518 1203 1590 unice,

200 1602 321 1676 Suisque
343 1602 450 1660 sanctis
472 1600 617 1676 gressibus
814 1601 884 1660 Cum
906 1602 1011 1674 spiritu
1032 1602 1174 1675 paraclito

198 1687 315 1746 Transit
336 1688 374 1746 ad
396 1689 518 1746 alterum
540 1687 618 1748 litus.
813 1687 947 1760 Regnans
969 1703 1021 1760 per
1043 1704 1125 1747 omne
1148 1689 1300 1751 saeculum.

212 1806 289 1855 Brev.
316 1805 485 1855 Valentinum
513 1806 575 1869 imp.
602 1803 715 1869 Neapoli
745 1800 819 1853 1489.
843 1804 873 1854 A.
904 1830 936 1839 -
963 1805 1039 1854 Brev.
1062 1806 1232 1856 Valentinum
1260 1809 1322 1873 imp.

146 1872 372 1937 ansurangustaa
397 1869 471 1924 1503.
497 1873 526 1922 B.
549 1899 581 1906 -
607 1875 681 1923 Brev.
706 1872 876 1922 Valentinum
901 1875 962 1990 ἰηιὲ.
980 1874 1120 1924 Valentius
1147 1871 1220 1925 1533.
1239 1876 1267 1924 C.
1293 1904 1321 1911 -

147 1945 222 1992 Brev.
251 1942 313 1992 Ord.
336 1941 363 1992 S.
381 1943 483 1992 Mariae
506 1942 538 1991 de
557 1941 676 1992 Mercede
699 1943 760 2006 imp.
780 1941 900 2006 Lugduni
926 1938 999 1992 160.
1018 1943 1050 1991 D.
1076 1968 1107 1977 —
1130 1940 1161 2004 2,
1186 1941 1203 1994 3
1227 1946 1322 1995 flumen

143 2011 247 2062 secl).
266 2040 298 2047 —
317 2008 341 2071 5,
360 2007 376 2060 2
395 2010 430 2059 Et
451 2027 497 2076 pro
514 2010 600 2075 culpis
619 2010 721 2060 ABCD.

493 2202 553 2258 374.
588 2200 627 2258 lle
645 2217 666 2258 s.
684 2199 774 2258 liaris
791 2199 974 2275 Aegyptiace

640 2323 683 2377 Ad
702 2324 841 2392 Vesperas.

151 2452 177 2513 i.
199 2450 309 2527 Lauda,
333 2457 426 2508 mater
447 2450 576 2520 ecclesia,
767 2451 795 2509 3.
822 2449 889 2507 Post
911 2446 1005 2508 fluxae
1024 2451 1118 2509 carnis
1140 2453 1277 2512 scandala

199 2536 300 2594 Lauda
325 2536 433 2597 Christi
456 2535 645 2608 clementiam,
816 2534 921 2592 Matris
944 2535 999 2593 Dei
1021 2534 1156 2610 euffrapa

202 2624 280 2693 Quae
301 2620 470 2694 peccatricis
492 2621 610 2679 vulnera
818 2621 895 2680 Petit
916 2622 1054 2694 gemendo
1076 2622 1202 2681 lacrimis

201 2706 319 2765 Curavit
343 2706 438 2765 dando
461 2706 581 2765 veniam.
816 2705 865 2765 Ad
887 2713 999 2779 portam
1021 2709 1121 2781 templi
1142 2709 1274 2771 numinis.

148 2813 176 2870 2.
199 2809 296 2867 Maria
318 2809 389 2867 haec
404 2809 558 2884 Aegyptia,
763 2811 794 2868 4.
817 2808 876 2868 Uni
898 2809 959 2867 Deo
981 2810 1020 2867 sit
1040 2811 1133 2883 gloria

201 2896 279 2966 Quae
302 2901 345 2952 tot
367 2895 507 2953 commisit
529 2893 658 2964 crimina,
817 2894 873 2953 Pro
895 2892 1063 2953 multiformi
1085 2898 1187 2972 gratia,

202 2980 248 3039 Ab
271 2981 336 3053 ipsa
358 2979 441 3039 fauce
463 2980 565 3039 tartari
816 2979 869 3053 Qui
893 2981 992 3053 culpas
1015 2987 1045 3037 et
1067 2983 1209 3055 supplicia

204 3065 292 3123 Redit
313 3066 351 3124 ad
374 3066 450 3124 vitae
472 3066 579 3126 limina.
817 3065 950 3123 Remittit
971 3072 1000 3123 et
1023 3067 1072 3125 dat
1095 3069 1232 3140 praemia.

221 3185 296 3232 Brev.
315 3183 543 3249 Calagurritanum
562 3187 589 3231 et
606 3181 772 3233 Calciatense
790 3183 852 3246 imp.
871 3184 996 3233 Lucronii
1018 3180 1090 3233 1543.

495 3374 554 3432 375.
593 3375 631 3432 lle
649 3390 671 3431 s.
691 3375 781 3432 ilaris
798 3349 981 3448 Aegyptiace.

625 3497 669 3552 Ad
686 3503 858 3554 Nocturnum.

153 3624 179 3683 l.
202 3621 281 3700 lesu,
306 3622 388 3679 dulce
411 3619 561 3695 refugium,
768 3627 796 3684 2.
821 3623 873 3683 Pia
895 3628 987 3682 mater
1008 3628 1037 3680 ct
1056 3623 1181 3696 humilis,

204 3707 276 3780 Spes
298 3724 354 3765 ana
376 3708 591 3781 poenitentium,
819 3709 948 3768 Naturae
968 3724 1075 3767 memor
1097 3707 1218 3781 fragilis,

204 3795 261 3852 Per
281 3793 449 3864 paccatricis
472 3795 603 3852 meritum
823 3796 856 3854 ln
877 3795 962 3866 hujus
985 3795 1060 3853 vitae
1082 3792 1215 3852 fluctibns

203 3879 317 3938 Peccati
338 3880 416 3936 solvo
440 3880 577 3937 debitum.
821 3879 880 3938 Nos
903 3896 969 3953 rego
991 3881 1048 3937 tuis
1070 3880 1213 3952 precibus.

510 3985 539 4044 3.
564 3983 620 4042 Uni
643 3982 705 4041 Deo
728 3983 766 4040 sit
787 3982 880 4056 gloria

562 4070 619 4128 Pro
641 4066 810 4127 multiformi
832 4068 934 4142 gratia,

560 4154 612 4227 Qui
635 4154 734 4226 culpas
756 4160 786 4211 et
806 4150 947 4226 supplicia

560 4240 692 4298 Remittit
714 4247 743 4297 et
764 4241 813 4298 dat
836 4239 972 4312 praemia.

219 4356 293 4408 Bran.
317 4355 548 4420 Calrugurritanum
574 4362 601 4406 et
622 4358 789 4407 Calciatense
814 4358 877 4422 imp.
903 4358 1028 4407 Lucronii
1054 4353 1126 4408 1543.
1151 4386 1184 4393 —
1211 4355 1236 4418 l,
1259 4342 1330 4408 ‘ZEt

150 4440 210 4489 epea
228 4425 426 4489 poenitentium.
