2918 4868
630 268 838 332 ..79-

390 442 418 500 2.
441 442 514 500 Nam
538 460 603 500 nmx
624 461 642 500 a
665 458 753 515 puero
776 443 904 500 concitus
926 443 963 501 ad
986 444 1063 516 pium

441 527 552 586 Venisti
575 529 700 586 studium
723 528 854 601 pluribus
877 529 1015 601 abditum,

440 611 497 672 Sed
521 631 587 671 mox
608 614 671 687 ipse
693 614 775 672 labor
797 614 879 672 duxit
900 614 938 672 ad
960 615 1097 687 optimum

484 699 716 772 Conventumque
737 698 874 759 fidelium.

386 822 415 880 3.
440 819 564 889 Quorum
588 819 767 876 commonitis
790 834 925 892 coeperas
947 819 1086 894 ordinem,

442 903 586 961 Virtutum
608 904 718 961 meritis
741 904 862 961 culmine
884 905 1024 962 neminem

440 989 481 1046 Es
505 1006 606 1062 passus
628 989 741 1047 tibimet
761 989 849 1049 affore
872 1005 1034 1062 comparem

488 1075 593 1134 Divino
616 1090 707 1148 neque
728 1076 845 1134 semine.

385 1196 415 1253 4.
440 1194 517 1251 llius
541 1194 657 1252 Christo
680 1194 796 1267 cupiens
818 1193 941 1252 reddero
962 1193 1109 1265 propriam

441 1281 518 1338 Pura
542 1286 636 1336 mente
658 1280 780 1338 animam
803 1280 897 1337 tendis
919 1278 1080 1351 Apamiam,

442 1364 503 1436 Qua
525 1381 662 1437 passurus
682 1380 755 1436 eras,
781 1365 896 1424 dixeras
918 1363 1057 1435 omnibus,

482 1449 531 1509 Sic
552 1450 670 1508 verbum
693 1451 773 1508 stetit
794 1449 913 1510 actibus.

391 1572 419 1626 5.
446 1568 520 1626 Nam
543 1585 612 1643 gens
634 1575 716 1628 torva
737 1569 821 1627 nimis
844 1570 971 1642 margine
992 1567 1116 1627 fluminis

445 1653 581 1711 Abscidit
603 1661 698 1727 caput,
722 1654 788 1712 hinc
809 1655 840 1713 in
862 1661 937 1713 tetra
957 1655 1077 1730 gurgitis

445 1739 556 1812 Corpus
581 1757 643 1797 cum
668 1740 762 1813 eapite
784 1741 899 1812 oonjicit
921 1739 1029 1816 abdite,

484 1823 542 1884 Sed
565 1826 654 1884 traxit
675 1826 754 1884 Deus
776 1826 863 1888 ocius.

208 1975 285 2024 Brov.
299 1990 346 2024 ms.
360 1975 501 2026 Illerdumse
518 1993 585 2027 saec.
600 1975 638 2027 13.
658 1977 720 2027 Cod.
735 1977 819 2043 Capit.
832 1978 955 2028 Illerden.
968 1994 988 2026 s.
1001 1995 1026 2026 n.
1038 2002 1070 2010 -
1083 1974 1108 2036 3,
1123 1975 1135 2026 l
1149 1978 1274 2042 coeperis.
1287 2003 1318 2011 -

137 2041 163 2102 4,
182 2039 200 2092 3
219 2043 325 2092 dixeris.
344 2067 377 2077 -
398 2040 422 2103 5,
444 2042 455 2093 l
475 2047 554 2094 nimis
573 2047 687 2110 erginzt.
705 2073 740 2082 -
760 2048 812 2097 Dio
831 2047 990 2113 Doxologie‚
1015 2046 1058 2096 die
1076 2048 1125 2095 mit
1141 2046 1191 2095 dun
1209 2047 1318 2095 Worteu

137 2112 244 2176 beganu
261 2112 342 2161 Trina
360 2119 454 2164 etune
472 2116 545 2165 Deus
564 2117 600 2164 iat
616 2115 780 2182 weggefault.
821 2114 824 2119 ’

537 2349 594 2407 105.
630 2350 669 2406 lto
688 2351 784 2407 saneto
803 2348 949 2406 Antonino.

615 2472 658 2526 Ad
676 2472 847 2526 Nocturnum.

391 2597 419 2656 1.
444 2597 539 2670 Pange
561 2614 636 2655 nuno
657 2598 726 2654 oleri
748 2597 862 2670 populis
885 2603 1008 2663 caterva,

443 2684 522 2753 Quae
543 2684 616 2740 mira
638 2682 729 2755 gessit
750 2683 842 2755 pietas
865 2698 997 2755 superna,

443 2768 582 2840 Martyris
603 2784 707 2840 corpus
729 2769 845 2825 nimium
868 2766 1018 2840 profundis

486 2853 588 2911 Traxit
609 2854 646 2911 ab
668 2853 762 2914 undis.

393 2972 422 3030 2.
446 2973 567 3030 Alvenm
590 2971 693 3031 flumen
716 2973 830 3030 solitum
855 2972 972 3043 dimisit,

444 3058 480 3116 lu
499 3063 594 3116 castra
617 3075 730 3116 cursum
752 3058 865 3130 penitus
889 3058 1003 3130 direxit,

445 3144 557 3216 Impetu
578 3145 657 3215 eujus
680 3141 863 3201 tremefactus
886 3144 944 3200 ruit

484 3229 569 3287 Maus
592 3227 653 3287 iere
672 3235 757 3287 totus.

393 3350 422 3407 3.
447 3348 567 3422 Gurgite
588 3347 657 3406 tecit
678 3349 759 3422 quasi
781 3348 892 3424 glebam
916 3347 1039 3419 sanguis,

448 3433 558 3506 Corpus
579 3442 608 3493 et
630 3435 723 3508 ipsum
746 3433 842 3506 rapuit
862 3432 956 3491 fidelis

446 3518 557 3597 Coetus,
582 3527 700 3578 oranter
723 3520 830 3577 tumulo
852 3518 991 3594 recondit,

487 3605 567 3662 Haeo
589 3605 667 3663 Deus
689 3606 754 3678 egit.

392 3726 420 3783 4.
443 3725 600 3784 Humerum
624 3725 765 3796 dextrum,
789 3731 876 3797 eaput
897 3729 983 3797 atque
1004 3738 1117 3781 manum

446 3810 550 3883 Angeli
572 3808 632 3866 bini
655 3810 750 3881 specio
773 3809 932 3882 aquilarum

445 3897 478 3954 ln
502 3895 619 3952 limbum
642 3894 710 3952 laeti
731 3895 786 3953 cito
808 3911 929 3968 posuero

488 3980 590 4051 Sisque
611 3980 713 4038 tulere.

394 4102 423 4161 5.
446 4099 530 4157 Nunc
550 4114 602 4171 per
624 4099 786 4169 descensus
810 4099 895 4157 modo
917 4116 971 4172 per
990 4115 1124 4159 aseensus

445 4185 578 4243 bmnium
602 4185 705 4241 multos
729 4183 847 4241 Seturae
870 4194 898 4241 et
920 4184 1022 4243 tluotus

445 4269 577 4327 Nobilem
600 4270 703 4327 vallem
726 4269 845 4341 petiere,
868 4272 971 4329 Festus

488 4355 560 4414 Vota
582 4353 700 4429 recepit.
