2918 4868
641 280 872 346 ..202-

514 456 637 533 Christe,
662 454 703 513 fili
723 453 816 528 patris
838 453 950 530 summi,

597 542 713 619 eleison,

640 627 762 700 Christe,
786 627 901 704 eleison,

512 713 565 787 Qui
588 713 625 771 de
647 712 734 772 ooelis
757 711 943 783 descendisti,

597 798 714 872 eleison,

641 882 765 954 Christe,
787 883 904 957 eleison,

515 969 607 1027 Tuum
629 969 740 1042 plasma
762 967 919 1043 redemisti,

599 1054 718 1127 eleison,

643 1139 768 1215 Christe,
789 1139 906 1201 eleison.

517 1243 695 1320 Consolator,
719 1240 812 1302 dulcis
833 1259 923 1315 amor,

599 1330 718 1402 eleison,

643 1414 745 1488 Kyme,
769 1416 885 1488 eleison,

515 1500 568 1572 Qui
589 1498 729 1559 iambum
750 1501 912 1578 illustrasti,

602 1585 718 1655 eleison,

643 1671 745 1746 liyria
768 1671 885 1744 eleison,

516 1755 604 1826 Cujus
625 1771 712 1829 prece
734 1756 817 1814 nobis
839 1773 936 1830 parre,

601 1841 717 1919 eleison,

644 1926 746 2003 Kyme,
769 1927 887 1990 eleison.

684 2080 827 2142 Gloria.

255 2185 356 2244 Gloria
385 2185 415 2243 in
437 2184 558 2242 excelsis
579 2184 642 2243 Deo
664 2183 744 2242 etin
768 2190 846 2242 terra
867 2201 924 2257 pax
947 2183 1107 2243 hominibus
1130 2183 1222 2243 bonae
1245 2184 1347 2243 volnu-

168 2271 252 2342 tatis3
283 2271 433 2329 laudamus
463 2277 508 2342 te,
539 2268 734 2329 benedicimus
764 2276 809 2342 te,
839 2269 992 2328 adoramus
1015 2277 1061 2341 te,
1093 2269 1286 2343 glorificamus
1310 2276 1349 2330 te.

168 2357 284 2415 Gratias
313 2357 422 2429 agimus
453 2354 506 2412 tibi
536 2360 656 2429 propter
686 2371 816 2428 magnam
849 2355 968 2429 gloriam
991 2361 1085 2429 tuum,
1113 2354 1349 2429 nominemus,

170 2458 220 2501 rex
251 2442 398 2512 eoelestis,
429 2441 505 2498 Dens
534 2448 617 2513 pater
645 2440 841 2517 omnipotens,
872 2440 993 2500 Domine
1022 2439 1064 2499 fili
1089 2441 1249 2519 unigenite,
1278 2443 1350 2502 Jesu

171 2528 301 2604 Christe,
332 2526 454 2585 Domine
477 2527 570 2603 Dens,
593 2542 683 2600 agnus
705 2525 777 2598 Dei,
808 2524 885 2584 iilius
906 2527 1008 2600 patris.
1053 2526 1106 2600 Qui
1128 2526 1206 2586 tollis
1229 2532 1351 2600 peceato

170 2612 279 2683 mundi,
302 2612 437 2669 miserere
453 2611 551 2682 nobis;
574 2611 622 2684 qui
637 2611 716 2670 tollis
730 2618 849 2685 peecata
864 2613 972 2686 mnndi,
988 2613 1101 2686 suscipe
1117 2611 1350 2686 deprecationem

171 2705 313 2773 nostram3
337 2698 385 2770 qui
408 2697 491 2755 sedes
514 2696 551 2754 ad
574 2697 720 2756 dexteram
743 2697 845 2771 patris,
868 2697 1005 2755 miserere
1026 2697 1118 2760 nobis.
1155 2698 1295 2770 Quoniam
1318 2704 1351 2755 tu

171 2784 247 2841 solus
270 2788 394 2855 sanetus,
419 2789 449 2840 tu
472 2782 549 2840 solus
571 2782 718 2859 Dominus,
742 2788 773 2840 tu
796 2782 873 2840 solas
895 2782 1061 2855 altissimos,
1084 2786 1154 2844 Jesu
1175 2782 1301 2844 Christe.

213 2936 356 2994 Versus
378 2934 575 3007 Fulberti,
599 2935 778 3009 episcopi
802 2934 1069 3013 Garnotensis,
1093 2935 1137 2993 de
1160 2941 1298 2995 saneto

679 3037 835 3100 Jacobo

256 3158 330 3217 Beni
352 3163 484 3218 cantores
506 3157 625 3218 dicasti:
702 3172 705 3178 ’

479 3261 533 3331 Qui
556 3261 665 3320 vocasti
687 3276 775 3335 super
795 3277 874 3319 mare

519 3346 660 3407 Jaoobum
683 3346 852 3422 Gallileeae,

479 3432 588 3505 Quique
610 3431 690 3492 illum
713 3432 825 3506 elegisti

524 3517 691 3589 Apostoliea
713 3517 784 3595 vioe,

480 3604 533 3673 Qui
556 3603 678 3661 solarem
700 3608 780 3662 tuum
803 3602 912 3661 vultum

522 3688 692 3748 Monstrasti
714 3689 740 3747 ei
762 3689 792 3747 in
814 3694 919 3761 monte,

480 3773 534 3844 Qui
557 3775 664 3833 vocasti
687 3774 849 3848 Boanerges

524 3859 603 3917 illum
626 3876 690 3918 oum
711 3861 772 3933 ejus
794 3858 895 3936 fratre,

480 3944 532 4017 Qui
555 3945 700 4004 Herodem
723 3945 870 4019 peremisti

524 4030 630 4088 vindex
652 4047 705 4104 pro
726 4032 788 4103 ejus
810 4046 889 4104 aeee,

479 4115 532 4188 Qui
556 4115 656 4174 ditasti
678 4117 740 4189 ejus
761 4115 846 4190 gleba

522 4202 659 4273 populum
682 4202 844 4280 Galaeoiae‚

480 4286 533 4358 Qui
556 4302 620 4345 eum
643 4293 725 4361 patre
748 4304 850 4362 regnas
872 4304 986 4361 sempor

523 4371 577 4429 tibi
598 4373 636 4430 sit
658 4374 730 4447 laus,
753 4389 804 4432 rex
826 4374 884 4450 pie,

174 4492 238 4534 cum
258 4479 357 4536 saneto
379 4474 483 4548 spiritu
504 4474 534 4532 in
557 4474 648 4547 gloria
669 4474 724 4533 Dei
746 4476 847 4548 patris.
891 4477 994 4538 Amen.
