2918 4868
607 217 841 281 -210-

564 417 602 477 tt.
637 419 707 477 1111
725 419 778 476 tlte
796 433 890 493 prosa.

139 561 192 622 ia.
222 561 337 620 Portum
361 561 390 619 in
412 561 512 619 ultimo
546 596 549 601 «
752 561 807 620 lb.
834 562 881 621 Ita
900 566 931 619 ut
954 577 1019 619 cum
1041 561 1104 620 Deo

224 645 270 706 Da
290 646 373 705 nobis
393 645 513 720 judicio,
835 647 952 707 carenti
974 647 1117 721 principio

137 787 192 849 2a.
217 785 340 845 Etcum
364 785 523 857 eiurante,
751 782 808 845 2b.
835 783 958 842 Etcum
981 783 1123 856 paraclito

221 871 275 944 Qui
298 871 424 928 estsine
446 870 577 939 termine,
835 869 883 929 Ab
904 875 1025 942 utreque
1048 870 1126 928 edito

140 1011 195 1069 31.
221 1007 343 1080 Expulsi
366 1024 383 1065 1
404 1013 496 1066 taetro
751 1005 807 1068 ab.
833 1007 1010 1079 Angelorum
1032 1007 1118 1065 choro

223 1093 361 1151 Tartareo
382 1101 468 1166 puteo
838 1091 990 1164 Conjuucti
1012 1092 1194 1152 sanctissimo

138 1233 193 1290 41.
221 1229 339 1302 Purgati
360 1229 440 1302 vitia
751 1227 808 1293 41).
835 1229 904 1289 Qum
926 1230 1004 1289 vitae
1025 1230 1152 1304 praemio

222 1314 313 1375 Positi
335 1314 438 1388 gaudio
836 1316 878 1374 Τ1
899 1315 981 1386 duce,
1004 1324 1125 1389 patrono

549 1455 577 1511 5.
601 1451 745 1510 Intremus
766 1468 829 1511 cum
853 1452 901 1525 pio

600 1536 732 1597 Paradisi
752 1542 818 1596 voto

193 1706 203 1721 .
644 1622 777 1683 Hortum.

210 1758 231 1808 C
248 1758 293 1807 iol.
315 1754 385 1807 1881)
403 1758 452 1806 mit
469 1758 682 1822 zweistimmiger
699 1756 822 1807 Maledic.

332 2063 374 2121 ⁴20.
410 2060 564 2119 timerium
583 2061 706 2134 Picandi,
725 2062 877 2137 presbyter
895 2063 929 2120 de
949 2061 1119 2120 Partiniaco.

146 2209 174 2268 1.
197 2207 245 2265 nd
268 2207 404 2265 honorem
426 2207 501 2281 regis
523 2208 635 2287 summi,
753 2209 784 2270 4.
807 2208 895 2280 Cujus
916 2224 1020 2280 corpus
1042 2207 1181 2282 sepelitur

239 2293 287 2365 qui
310 2292 441 2350 condidit
462 2293 566 2370 omnia,
849 2294 879 2351 in
905 2300 983 2352 terra
1006 2294 1180 2365 (armeniae,

198 2378 373 2436 venerantes
395 2376 551 2450 jubilemus
809 2378 848 2436 Et
869 2385 999 2450 petentes
1021 2380 1094 2438 illud
1117 2379 1204 2452 digne
1233 2363 1254 2406 ‘

238 2463 340 2522 Jacobi
363 2464 513 2540 magnalia,
852 2470 966 2523 sumunt
987 2464 1075 2524 111111
1097 2464 1216 2540 gloriae,

196 2550 315 2622 Deque
337 2549 463 2621 gaudent
484 2549 556 2607 coeli
579 2549 656 2608 cives
808 2548 874 2608 lam
896 2566 949 2623 per
966 2556 1056 2609 totum
1077 2548 1169 2623 fulget
1182 2547 1324 2608 mundum

242 2635 270 2692 in
293 2650 418 2708 superna
440 2634 528 2711 curia,
853 2636 958 2695 divinis
980 2636 1135 2712 miraculis,

199 2721 286 2792 Cujus
309 2717 386 2778 facta
407 2720 532 2792 gloriose
671 2765 673 2767 »
811 2720 865 2791 Qui
887 2720 987 2794 viginti
1010 2722 1087 2781 viros
1109 2721 1177 2779 elim

240 2807 368 2864 meminit
391 2805 521 2867 ecclesia.
854 2807 940 2866 solvit
961 2806 998 2865 ab
1020 2806 1183 2882 ergastulis.

144 2965 174 3022 2.
197 2961 291 3034 Supra
313 2976 391 3017 mare
414 2958 572 3019 Gallilaeae
758 2966 787 3022 5.
812 2960 1011 3034 Scheduluque
1032 2962 1193 3035 peccatoris

242 3046 338 3104 omnia
360 3045 531 3119 postposuit,
855 3047 949 3104 deleta
970 3048 1115 3120 apparuit,

200 3132 269 3190 Vise
290 3148 357 3204 rege
378 3131 416 3188 ad
437 3131 581 3190 mundana
812 3132 916 3191 11111111
939 3138 1036 3190 uatum
1056 3134 1115 3205 jam
1140 3130 1309 3191 defunctum

243 3216 339 3275 redire
361 3232 417 3275 nou
438 3216 537 3290 voluit,
854 3216 891 3276 ed
916 3218 1002 3277 vitam
1025 3218 1159 3293 restituit,

198 3303 256 3362 Sed
278 3302 445 3376 pastillum
467 3318 499 3360 se
520 3308 668 3362 1111111111
812 3303 868 3360 Hic
890 3301 1055 3362 defunctum
1077 3303 1142 3362 urbi
1167 3320 1237 3363 suae

243 3388 367 3462 Pergere
389 3388 531 3462 disposuit
856 3405 874 3447 1
896 3388 994 3448 (lisera
1018 3389 1130 3460 detulit,
1325 3391 1326 3394 ’

199 3475 238 3532 Ε1
256 3479 411 3547 praecepta
433 3475 494 3546 ejus
516 3490 598 3533 11111
812 3474 900 3545 Quem
923 3474 967 3532 bis
989 3491 1073 3534 senus
1091 3490 1144 3548 per
1167 3474 1260 3534 dietas

242 3560 415 3619 Praedicare
437 3560 555 3620 studuit
856 3577 911 3618 una
934 3567 1016 3618 nocte
1038 3560 1168 3620 contulit.

148 3717 176 3775 3.
200 3715 375 3787 Hermogeni
398 3721 427 3772 et
449 3715 562 3774 Phileto
760 3716 790 3774 6.
812 3714 868 3773 Η11
890 3730 1057 3788 suspensum
1080 3719 1145 3788 post
1167 3714 1288 3788 triginta

244 3800 351 3859 Christi
373 3799 460 3859 fidem
481 3800 592 3874 tribuit,
857 3799 919 3858 dies
943 3801 1018 3865 vitae
1040 3798 1179 3876 reddidit,

198 3886 237 3944 Et
257 3885 365 3944 Josiam
392 3885 550 3959 baptizavit
814 3886 968 3959 Peregrina
989 3885 1153 3945 Pictavensi

242 3976 272 4028 et
295 3971 351 4029 vim
373 3986 459 4045 aegro
481 3972 622 4047 praebuit,
853 3972 1020 4044 asinumque
1039 3969 1160 4030 tradidit

201 4057 275 4117 Olim
297 4056 396 4114 Jesum
419 4055 651 4117 transformatum
813 4057 853 4116 Et
874 4057 1024 4117 Friscnem
1051 4055 1129 4116 ierrc
1152 4062 1259 4115 tectum

242 4143 316 4201 vidit
338 4143 429 4215 patris
452 4143 565 4221 lumine,
858 4143 894 4200 de
916 4142 1020 4216 abysso
1043 4143 1127 4213 eruit,

201 4229 257 4287 Pro
279 4244 335 4301 quc
357 4234 476 4286 mortem
499 4229 536 4288 ab
559 4229 674 4288 Herode
812 4228 1032 4301 Praesulemque
1054 4228 1126 4288 mari
1148 4242 1271 4285 mersum

243 4314 364 4387 sumpsit
387 4311 450 4372 inse
470 4316 614 4388 sanguiue.
856 4315 886 4372 in
907 4315 974 4373 navi
996 4315 1129 4374 instituit.
