2918 4868
603 210 829 275 -182-

251 387 292 446 lu
317 387 572 453 abacturum

322 489 497 556 Antiphontis.

144 577 171 636 1.
194 578 271 636 Vere
292 578 407 651 praesul
430 576 578 645 mirabilis,

195 664 252 722 Per
274 670 376 722 cuncta
398 662 579 732 venerabilis,

190 747 303 809 'furbus
324 749 419 808 vitans
441 748 565 817 emicuit,

194 835 347 893 Hominum
368 834 441 892 nulli
463 833 568 892 nocuit.

141 930 170 988 2.
193 928 298 1002 Fulget
320 928 388 1004 vita,

235 1020 327 1073 morte
349 1013 503 1092 miraculis,

193 1100 336 1159 lnauditis

235 1185 359 1258 antiquis
381 1185 512 1256 saeculis,

197 1270 306 1345 Pariis,
330 1270 439 1343 maguis

239 1362 325 1428 atque
347 1355 485 1429 puerulis.

145 1452 172 1509 3.
197 1448 383 1508 infirmitates
405 1449 499 1508 varias
563 1482 567 1489 ·

237 1534 278 1593 Et
299 1552 449 1609 corporum
472 1535 613 1608 supplicia

195 1621 282 1678 Pellit
303 1627 386 1694 pater
409 1618 533 1679 familias

238 1707 294 1765 Per
316 1722 417 1779 preces
440 1711 469 1763 et
490 1704 633 1778 suffragia.

319 1825 503 1888 ltcuponsoria

145 1913 171 1970 l.
195 1910 348 1984 Postquam
372 1911 444 1970 vidit

240 1997 338 2055 mundi
359 1997 513 2073 miseriam,

196 2083 284 2155 Fugit
304 2089 405 2156 petens

239 2174 345 2226 terram
368 2168 533 2237 leraniam,

197 2254 254 2315 Ubi
276 2254 369 2312 calcat

241 2340 331 2398 bostis
353 2341 486 2399 astutiam

239 2426 295 2484 Per
316 2425 371 2483 Dei
390 2427 528 2499 gratiam3

133 2510 167 2568 V.
196 2510 290 2568 Vitam
310 2511 441 2569 eximiam

239 2595 300 2669 agit
320 2596 503 2656 monasticam

198 2683 241 2739 Ac
263 2681 430 2753 pudicitiam

240 2763 361 2824 fratrum
383 2766 570 2841 magnificam.

145 2864 172 2919 2.
197 2861 277 2919 Tunc
300 2877 350 2919 rex
372 2860 507 2918 Fronilus

239 2948 329 3005 iratas
352 2946 468 3004 nimium

197 3032 280 3091 Misit
301 3048 354 3106 per
376 3032 503 3091 nuntium

239 3135 325 3177 unum
348 3118 492 3186 stallum,

198 3204 352 3280 Quaerens,
378 3220 428 3262 cur
450 3202 501 3263 fiat

240 3291 281 3348 sic
303 3288 504 3348 monasterium

199 3377 232 3434 ln
255 3375 464 3448 praejudicium

240 3477 320 3518 suum
343 3477 377 3518 ac
399 3460 530 3534 regium?

135 3547 168 3605 V.
200 3546 264 3604 Non
288 3553 332 3603 est
354 3563 485 3605 reversus

241 3633 282 3689 sic
305 3633 407 3689 missus
430 3631 561 3705 famulus,

192 3716 249 3775 Sed
271 3718 353 3776 vadit
374 3734 426 3791 per
450 3734 481 3775 se

241 3810 309 3861 tuuc
331 3819 381 3861 ren
404 3803 578 3865 incredulus.

147 3898 176 3956 3.
200 3896 288 3968 Cujus
311 3914 377 3956 caro

241 3998 353 4056 semper
374 3980 522 4055 affligitur,

199 4068 266 4127 vita
287 4074 387 4127 sancta

242 4169 276 4210 ex
298 4161 367 4212 tunc
388 4155 558 4224 ostenditur,

196 4240 266 4297 Cum
291 4239 359 4299 fidei

240 4324 336 4383 hostes
358 4327 547 4399 persequitur,

242 4410 294 4469 Vir
315 4411 363 4470 bic
385 4412 541 4471 extollitur.

744 386 778 446 V.
810 385 867 444 Hic
888 384 1083 459 praedicando

809 471 918 530 Gentes
941 472 1088 546 salvando,

810 557 930 631 Semper
952 559 1061 617 orando

809 642 925 702 Domini
948 643 1038 703 nostri

808 727 940 802 Complet
961 728 1118 792 servitium.

866 850 905 907 lu
929 851 957 908 2.
982 847 1198 913 Nocturna.

937 942 1112 1008 Antiphonae.

758 1021 785 1080 l.
809 1020 954 1091 Quaedam
978 1037 1063 1080 caeca
1084 1022 1211 1084 coelitus

851 1104 928 1164 Sana
950 1107 999 1165 dat
1020 1108 1145 1167 omnium

806 1191 963 1250 Annuatim
986 1193 1105 1265 reditus,

850 1277 956 1335 Munus
978 1284 1064 1351 atque
1085 1279 1195 1342 vinum.

757 1372 787 1430 2.
810 1367 900 1431 Sonat
921 1387 1134 1445 energumenos,

853 1455 992 1515 Subvenit
1010 1459 1157 1531 jumentis,

809 1543 898 1602 Juvat
920 1543 1146 1616 catechumenos,

854 1626 953 1702 Captis
977 1636 1006 1687 et
1027 1630 1157 1692 retentis.

758 1724 787 1781 3.
811 1723 843 1780 ln
866 1723 966 1781 mortis
988 1724 1109 1782 articulo

852 1807 974 1880 Quidam
998 1810 1144 1868 constituti

811 1891 882 1963 Ejus
904 1898 971 1952 suut
992 1895 1129 1954 miraculo

854 1979 937 2037 Vitae
958 1980 1094 2041 restituti.

935 2081 1120 2146 Respousoria.

759 2167 786 2226 1.
810 2166 930 2237 Quidam
952 2173 1115 2228 oontractus
1137 2171 1260 2242 penitus

810 2252 915 2310 Munus
938 2254 1069 2327 promisit
1091 2254 1229 2327 clericus,

810 2337 868 2395 Sed
890 2340 1007 2398 sanitati
1030 2340 1160 2399 redditus

812 2421 852 2479 Et
873 2424 983 2484 artibus
1005 2425 1178 2484 mechanicis

749 2507 783 2569 V.
812 2507 917 2582 Sospes
939 2509 1046 2570 oblitus

855 2611 910 2654 non
932 2597 1014 2655 dedit
1035 2612 1162 2669 munera,

812 2679 888 2738 Hinc
906 2682 985 2753 juste
1006 2683 1096 2741 sensit

856 2766 975 2840 duplata
995 2769 1123 2828 vulnera.

759 2863 788 2920 2.
811 2860 902 2919 Tactu
924 2863 1009 2920 mersi
1032 2860 1152 2921 funiculi

856 2949 888 3006 In
911 2964 1013 3021 aquam
1036 2949 1159 3007 ecclesia

813 3032 954 3091 Viderunt
976 3034 1054 3092 caeci
1076 3033 1150 3092 oculi

858 3118 967 3178 Christi
988 3120 1044 3180 Dei
1065 3120 1233 3192 clamentia3

814 3204 882 3263 Viso
903 3205 975 3262 tanti
998 3205 1129 3264 miraculi

855 3289 941 3362 Signo
964 3307 1016 3349 ora
1039 3291 1171 3350 canentia

749 3376 782 3433 V.
809 3377 924 3435 Laxant
945 3377 1050 3448 cuncti,

856 3467 972 3519 cautant
995 3462 1157 3521 dulcisonus

814 3547 928 3605 Laudes
949 3549 1020 3608 Jesu

856 3631 969 3692 Christo
991 3634 1141 3697 altisonas.

761 3730 789 3788 3.
814 3729 877 3786 Hoc
900 3726 968 3785 lecit
990 3727 1066 3786 binis
1089 3725 1228 3788 iratribus

856 3813 968 3871 Donum
992 3814 1139 3884 creatoris,

812 3900 866 3971 Qui
889 3898 1046 3958 haerebant
1066 3898 1218 3959 arboribus

855 3986 889 4044 ln
913 3985 995 4043 borto
1017 3981 1200 4056 confessoris,

814 4069 946 4145 Fructus,
970 4087 1054 4144 poma
1075 4070 1234 4144 legentibus

856 4157 888 4214 ln
912 4156 1058 4215 nocturnis
1080 4156 1168 4216 horis.

750 4242 784 4302 V.
814 4240 946 4315 largitus
969 4248 1012 4299 est
1030 4242 1220 4315 clementiam,

813 4326 875 4384 Nec
897 4327 1024 4385 meminit
1046 4327 1180 4399 injuriam

857 4412 941 4471 Stans
963 4413 993 4470 in
1017 4414 1149 4486 supernis
1171 4413 1275 4473 choris.
