<?xml version="1.0" encoding="UTF-8"?>
<!DOCTYPE html PUBLIC "-//W3C//DTD XHTML 1.0 Transitional//EN"
    "http://www.w3.org/TR/xhtml1/DTD/xhtml1-transitional.dtd">
<html xmlns="http://www.w3.org/1999/xhtml" xml:lang="en" lang="en">
 <head>
  <title>
</title>
<meta http-equiv="Content-Type" content="text/html;charset=utf-8" />
  <meta name='ocr-system' content='tesseract 3.04.00' />
  <meta name='ocr-capabilities' content='ocr_page ocr_carea ocr_par ocr_line ocrx_word'/>
</head>
<body>
  <div class='ocr_page' id='page_1' title='image "./hymnodiahiberic00drevgoog_0390.png"; bbox 0 0 2918 4868; ppageno 0'>
   <div class='ocr_carea' id='block_1_1' title="bbox 634 265 841 328">
    <p class='ocr_par' dir='ltr' id='par_1_1' title="bbox 634 265 841 328">
     <span class='ocr_line' id='line_1_1' title="bbox 634 265 841 328; baseline 0.005 -17"><span class='ocrx_word' id='word_1_1' title='bbox 634 265 841 328; x_wconf 73' lang='lat'><strong>-93,</strong></span> 
     </span>
    </p>
   </div>
   <div class='ocr_carea' id='block_1_2' title="bbox 149 431 1326 703">
    <p class='ocr_par' dir='ltr' id='par_1_2' title="bbox 149 431 1326 703">
     <span class='ocr_line' id='line_1_2' title="bbox 220 431 1326 504; baseline 0.001 -20"><span class='ocrx_word' id='word_1_2' title='bbox 220 439 295 487; x_wconf 81' lang='lat' dir='ltr'><strong>Breu.</strong></span> <span class='ocrx_word' id='word_1_3' title='bbox 315 436 429 487; x_wconf 87' lang='lat' dir='ltr'><strong>Oseeuse</strong></span> <span class='ocrx_word' id='word_1_4' title='bbox 454 441 481 487; x_wconf 88' lang='lat' dir='ltr'><strong>et</strong></span> <span class='ocrx_word' id='word_1_5' title='bbox 497 438 625 488; x_wconf 87' lang='lat' dir='ltr'><strong>Jaceeuse</strong></span> <span class='ocrx_word' id='word_1_6' title='bbox 649 439 711 504; x_wconf 82' lang='lat' dir='ltr'><strong>imp.</strong></span> <span class='ocrx_word' id='word_1_7' title='bbox 730 436 955 503; x_wconf 68' lang='lat' dir='ltr'><strong>Caesaraugustae</strong></span> <span class='ocrx_word' id='word_1_8' title='bbox 976 435 1047 489; x_wconf 83' lang='lat'>1505.</span> <span class='ocrx_word' id='word_1_9' title='bbox 1071 466 1091 472; x_wconf 93' lang='lat'><em>-</em></span> <span class='ocrx_word' id='word_1_10' title='bbox 1118 440 1149 488; x_wconf 91' lang='lat' dir='ltr'><strong>lu</strong></span> <span class='ocrx_word' id='word_1_11' title='bbox 1171 436 1193 489; x_wconf 90' lang='lat' dir='ltr'><strong>l.</strong></span> <span class='ocrx_word' id='word_1_12' title='bbox 1212 431 1326 488; x_wconf 77' lang='lat' dir='ltr'><strong>Nechfl</strong></span> 
     </span>
     <span class='ocr_line' id='line_1_3' title="bbox 153 502 1326 570; baseline 0 -16"><span class='ocrx_word' id='word_1_13' title='bbox 153 503 173 565; x_wconf 95' lang='lat' dir='ltr'><strong>l,</strong></span> <span class='ocrx_word' id='word_1_14' title='bbox 191 502 208 554; x_wconf 84' lang='lat'>4</span> <span class='ocrx_word' id='word_1_15' title='bbox 226 510 357 570; x_wconf 79' lang='lat' dir='ltr'><strong>expertem</strong></span> <span class='ocrx_word' id='word_1_16' title='bbox 376 509 504 556; x_wconf 78' lang='lat' dir='ltr'><strong>exequiae.</strong></span> <span class='ocrx_word' id='word_1_17' title='bbox 523 531 554 540; x_wconf 89' lang='lat'><em>-</em></span> <span class='ocrx_word' id='word_1_18' title='bbox 573 508 604 556; x_wconf 90' lang='lat' dir='ltr'><strong>ln</strong></span> <span class='ocrx_word' id='word_1_19' title='bbox 624 503 648 555; x_wconf 86' lang='grc'><strong>2.</strong></span> <span class='ocrx_word' id='word_1_20' title='bbox 661 507 736 557; x_wconf 75' lang='lat' dir='ltr'><strong>Noct.</strong></span> <span class='ocrx_word' id='word_1_21' title='bbox 749 503 770 554; x_wconf 88' lang='grc' dir='ltr'><strong>Α</strong></span> <span class='ocrx_word' id='word_1_22' title='bbox 785 505 807 567; x_wconf 90' lang='lat' dir='ltr'><strong>l,</strong></span> <span class='ocrx_word' id='word_1_23' title='bbox 819 504 836 556; x_wconf 75' lang='grc'><strong>4</strong></span> <span class='ocrx_word' id='word_1_24' title='bbox 849 509 869 557; x_wconf 83' lang='grc' dir='ltr'>Α</span> <span class='ocrx_word' id='word_1_25' title='bbox 881 509 983 557; x_wconf 86' lang='lat' dir='ltr'><strong>summi.</strong></span> <span class='ocrx_word' id='word_1_26' title='bbox 1000 537 1020 542; x_wconf 94' lang='lat'><strong>--</strong></span> <span class='ocrx_word' id='word_1_27' title='bbox 1043 502 1071 567; x_wconf 84' lang='lat' dir='ltr'><strong>ll,</strong></span> <span class='ocrx_word' id='word_1_28' title='bbox 1087 505 1097 556; x_wconf 94' lang='lat' dir='ltr'><strong>l</strong></span> <span class='ocrx_word' id='word_1_29' title='bbox 1112 507 1175 557; x_wconf 86' lang='lat' dir='ltr'><strong>Solo</strong></span> <span class='ocrx_word' id='word_1_30' title='bbox 1187 509 1281 557; x_wconf 87' lang='lat' dir='ltr'><strong>tenuis.</strong></span> <span class='ocrx_word' id='word_1_31' title='bbox 1293 532 1326 541; x_wconf 91' lang='lat'>-</span> 
     </span>
     <span class='ocr_line' id='line_1_4' title="bbox 149 569 1325 642; baseline 0 -18"><span class='ocrx_word' id='word_1_32' title='bbox 149 575 181 624; x_wconf 90' lang='lat' dir='ltr'><strong>ln</strong></span> <span class='ocrx_word' id='word_1_33' title='bbox 205 570 229 624; x_wconf 90' lang='grc'><strong>3.</strong></span> <span class='ocrx_word' id='word_1_34' title='bbox 250 575 326 624; x_wconf 78' lang='lat' dir='ltr'><strong>Noet</strong></span> <span class='ocrx_word' id='word_1_35' title='bbox 345 569 365 623; x_wconf 78' lang='lat' dir='ltr'><strong>R</strong></span> <span class='ocrx_word' id='word_1_36' title='bbox 386 572 415 634; x_wconf 77' lang='lat'><strong>⁴2,</strong></span> <span class='ocrx_word' id='word_1_37' title='bbox 438 572 455 624; x_wconf 88' lang='grc'><strong>3</strong></span> <span class='ocrx_word' id='word_1_38' title='bbox 474 591 531 625; x_wconf 81' lang='lat' dir='ltr'><strong>erim</strong></span> <span class='ocrx_word' id='word_1_39' title='bbox 550 575 739 640; x_wconf 82' lang='lat' dir='ltr'><strong>disposuit-</strong></span> <span class='ocrx_word' id='word_1_40' title='bbox 764 577 796 625; x_wconf 91' lang='lat' dir='ltr'><strong>lu</strong></span> <span class='ocrx_word' id='word_1_41' title='bbox 814 576 896 626; x_wconf 88' lang='lat' dir='ltr'><strong>Laud.</strong></span> <span class='ocrx_word' id='word_1_42' title='bbox 916 571 935 623; x_wconf 82' lang='grc' dir='ltr'><strong>Α</strong></span> <span class='ocrx_word' id='word_1_43' title='bbox 957 573 977 636; x_wconf 90' lang='lat' dir='ltr'><strong>l,</strong></span> <span class='ocrx_word' id='word_1_44' title='bbox 997 572 1013 625; x_wconf 87' lang='grc'><strong>3</strong></span> <span class='ocrx_word' id='word_1_45' title='bbox 1030 577 1142 642; x_wconf 77' lang='lat' dir='ltr'><strong>virginis</strong></span> <span class='ocrx_word' id='word_1_46' title='bbox 1161 575 1274 626; x_wconf 88' lang='lat' dir='ltr'><strong>laudum.</strong></span> <span class='ocrx_word' id='word_1_47' title='bbox 1293 599 1325 610; x_wconf 92' lang='lat'>-</span> 
     </span>
     <span class='ocr_line' id='line_1_5' title="bbox 150 638 1071 703; baseline 0.003 -12"><span class='ocrx_word' id='word_1_48' title='bbox 150 642 189 692; x_wconf 82' lang='lat' dir='ltr'><strong>hd</strong></span> <span class='ocrx_word' id='word_1_49' title='bbox 208 642 304 693; x_wconf 88' lang='lat' dir='ltr'><strong>Bened.</strong></span> <span class='ocrx_word' id='word_1_50' title='bbox 323 638 352 703; x_wconf 79' lang='grc' dir='ltr'><strong>Α,</strong></span> <span class='ocrx_word' id='word_1_51' title='bbox 370 641 387 693; x_wconf 86' lang='grc'><em>5</em></span> <span class='ocrx_word' id='word_1_52' title='bbox 404 645 455 694; x_wconf 85' lang='lat' dir='ltr'><strong>Fac</strong></span> <span class='ocrx_word' id='word_1_53' title='bbox 473 647 503 694; x_wconf 89' lang='lat' dir='ltr'><strong>ut</strong></span> <span class='ocrx_word' id='word_1_54' title='bbox 519 643 585 694; x_wconf 90' lang='lat' dir='ltr'><strong>haec</strong></span> <span class='ocrx_word' id='word_1_55' title='bbox 602 644 702 694; x_wconf 82' lang='lat' dir='ltr'><strong>mollia.</strong></span> <span class='ocrx_word' id='word_1_56' title='bbox 719 672 752 681; x_wconf 92' lang='lat'><em>-</em></span> <span class='ocrx_word' id='word_1_57' title='bbox 770 644 838 695; x_wconf 88' lang='lat' dir='ltr'><strong>Ibid.</strong></span> <span class='ocrx_word' id='word_1_58' title='bbox 857 642 874 694; x_wconf 91' lang='grc'><strong>6</strong></span> <span class='ocrx_word' id='word_1_59' title='bbox 891 647 919 694; x_wconf 92' lang='lat' dir='ltr'><strong>iu</strong></span> <span class='ocrx_word' id='word_1_60' title='bbox 937 644 1071 694; x_wconf 83' lang='lat' dir='ltr'><strong>honorem.</strong></span> 
     </span>
    </p>
   </div>
   <div class='ocr_carea' id='block_1_3' title="bbox 474 859 1008 920">
    <p class='ocr_par' dir='ltr' id='par_1_3' title="bbox 474 859 1008 920">
     <span class='ocr_line' id='line_1_6' title="bbox 474 859 1008 920; baseline 0.002 -3"><span class='ocrx_word' id='word_1_61' title='bbox 474 859 512 917; x_wconf 80' lang='lat' dir='ltr'><strong>ul.</strong></span> <span class='ocrx_word' id='word_1_62' title='bbox 547 861 586 918; x_wconf 84' lang='lat' dir='ltr'><strong>lle</strong></span> <span class='ocrx_word' id='word_1_63' title='bbox 605 876 642 918; x_wconf 89' lang='lat' dir='ltr'><strong>ss.</strong></span> <span class='ocrx_word' id='word_1_64' title='bbox 661 861 787 920; x_wconf 77' lang='lat' dir='ltr'><strong>Facundo</strong></span> <span class='ocrx_word' id='word_1_65' title='bbox 806 864 835 920; x_wconf 89' lang='lat' dir='ltr'><strong>et</strong></span> <span class='ocrx_word' id='word_1_66' title='bbox 852 859 1008 920; x_wconf 72' lang='lat' dir='ltr'><strong>Primitiae.</strong></span> 
     </span>
    </p>
   </div>
   <div class='ocr_carea' id='block_1_4' title="bbox 955 1024 1140 1088">
    <p class='ocr_par' dir='ltr' id='par_1_4' title="bbox 955 1024 1140 1088">
     <span class='ocr_line' id='line_1_7' title="bbox 955 1024 1140 1088; baseline -0.011 -14"><span class='ocrx_word' id='word_1_67' title='bbox 955 1024 1140 1088; x_wconf 81' lang='lat' dir='ltr'><strong>Respousoria.</strong></span> 
     </span>
    </p>
   </div>
   <div class='ocr_carea' id='block_1_5' title="bbox 777 1127 1326 1457">
    <p class='ocr_par' dir='ltr' id='par_1_5' title="bbox 777 1127 1326 1457">
     <span class='ocr_line' id='line_1_8' title="bbox 777 1127 1186 1201; baseline -0.012 -12"><span class='ocrx_word' id='word_1_68' title='bbox 777 1130 805 1189; x_wconf 94' lang='lat'><strong>1.</strong></span> <span class='ocrx_word' id='word_1_69' title='bbox 829 1128 900 1188; x_wconf 87' lang='lat' dir='ltr'><strong>Cum</strong></span> <span class='ocrx_word' id='word_1_70' title='bbox 922 1127 1029 1187; x_wconf 87' lang='lat' dir='ltr'><strong>Christi</strong></span> <span class='ocrx_word' id='word_1_71' title='bbox 1051 1127 1186 1201; x_wconf 89' lang='lat' dir='ltr'><strong>populum</strong></span> 
     </span>
     <span class='ocr_line' id='line_1_9' title="bbox 871 1212 1298 1286; baseline -0.005 -15"><span class='ocrx_word' id='word_1_72' title='bbox 871 1218 1044 1271; x_wconf 80' lang='lat' dir='ltr'><strong>crescentem</strong></span> <span class='ocrx_word' id='word_1_73' title='bbox 1067 1212 1190 1286; x_wconf 86' lang='lat' dir='ltr'><strong>perdere</strong></span> <span class='ocrx_word' id='word_1_74' title='bbox 1212 1212 1298 1272; x_wconf 87' lang='lat' dir='ltr'><strong>vellet</strong></span> 
     </span>
     <span class='ocr_line' id='line_1_10' title="bbox 829 1298 1156 1372; baseline -0.009 -14"><span class='ocrx_word' id='word_1_75' title='bbox 829 1298 906 1359; x_wconf 86' lang='lat' dir='ltr'><strong>Gens</strong></span> <span class='ocrx_word' id='word_1_76' title='bbox 928 1299 1028 1372; x_wconf 81' lang='lat' dir='ltr'><strong>ignara</strong></span> <span class='ocrx_word' id='word_1_77' title='bbox 1050 1298 1104 1356; x_wconf 91' lang='lat' dir='ltr'><strong>Dei</strong></span> <span class='ocrx_word' id='word_1_78' title='bbox 1127 1303 1156 1355; x_wconf 93' lang='lat' dir='ltr'><strong>et</strong></span> 
     </span>
     <span class='ocr_line' id='line_1_11' title="bbox 871 1383 1326 1457; baseline -0.004 -15"><span class='ocrx_word' id='word_1_79' title='bbox 871 1384 946 1442; x_wconf 91' lang='lat' dir='ltr'><strong>huuc</strong></span> <span class='ocrx_word' id='word_1_80' title='bbox 971 1389 1191 1457; x_wconf 83' lang='lat' dir='ltr'><strong>persequeretur</strong></span> <span class='ocrx_word' id='word_1_81' title='bbox 1212 1383 1326 1456; x_wconf 87' lang='lat' dir='ltr'><strong>ubique,</strong></span> 
     </span>
    </p>
   </div>
   <div class='ocr_carea' id='block_1_6' title="bbox 279 1022 592 1206">
    <p class='ocr_par' dir='ltr' id='par_1_6' title="bbox 279 1022 592 1206">
     <span class='ocr_line' id='line_1_12' title="bbox 279 1022 592 1096; baseline 0.006 -16"><span class='ocrx_word' id='word_1_82' title='bbox 279 1023 320 1081; x_wconf 95' lang='lat' dir='ltr'><strong>ln</strong></span> <span class='ocrx_word' id='word_1_83' title='bbox 344 1023 372 1083; x_wconf 91' lang='lat'><strong>1.</strong></span> <span class='ocrx_word' id='word_1_84' title='bbox 396 1022 592 1096; x_wconf 76' lang='lat' dir='ltr'><strong>vesperis.</strong></span> 
     </span>
     <span class='ocr_line' id='line_1_13' title="bbox 315 1141 546 1206; baseline 0.004 -16"><span class='ocrx_word' id='word_1_85' title='bbox 315 1141 401 1206; x_wconf 84' lang='lat' dir='ltr'><strong>Super</strong></span> <span class='ocrx_word' id='word_1_86' title='bbox 418 1141 546 1191; x_wconf 87' lang='lat' dir='ltr'><strong>Psalmos.</strong></span> 
     </span>
    </p>
   </div>
   <div class='ocr_carea' id='block_1_7' title="bbox 150 1243 663 1490">
    <p class='ocr_par' dir='ltr' id='par_1_7' title="bbox 150 1243 663 1490">
     <span class='ocr_line' id='line_1_14' title="bbox 150 1243 512 1305; baseline 0.003 -2"><span class='ocrx_word' id='word_1_87' title='bbox 150 1245 187 1305; x_wconf 81' lang='lat' dir='ltr'><strong>A.</strong></span> <span class='ocrx_word' id='word_1_88' title='bbox 219 1243 348 1303; x_wconf 87' lang='lat' dir='ltr'><strong>Gaudeat</strong></span> <span class='ocrx_word' id='word_1_89' title='bbox 374 1245 512 1304; x_wconf 90' lang='lat' dir='ltr'><strong>ecclesiae</strong></span> 
     </span>
     <span class='ocr_line' id='line_1_15' title="bbox 257 1330 663 1405; baseline 0.01 -18"><span class='ocrx_word' id='word_1_90' title='bbox 257 1346 332 1388; x_wconf 91' lang='lat' dir='ltr'><strong>nunc</strong></span> <span class='ocrx_word' id='word_1_91' title='bbox 354 1330 453 1388; x_wconf 87' lang='lat' dir='ltr'><strong>concio</strong></span> <span class='ocrx_word' id='word_1_92' title='bbox 474 1335 536 1389; x_wconf 90' lang='lat' dir='ltr'><strong>tota</strong></span> <span class='ocrx_word' id='word_1_93' title='bbox 559 1331 663 1405; x_wconf 83' lang='lat' dir='ltr'><strong>tidelis,</strong></span> 
     </span>
     <span class='ocr_line' id='line_1_16' title="bbox 216 1414 592 1490; baseline 0.008 -18"><span class='ocrx_word' id='word_1_94' title='bbox 216 1414 353 1473; x_wconf 77' lang='lat' dir='ltr'><strong>Concinat</strong></span> <span class='ocrx_word' id='word_1_95' title='bbox 376 1416 447 1474; x_wconf 88' lang='lat' dir='ltr'><strong>haec</strong></span> <span class='ocrx_word' id='word_1_96' title='bbox 468 1417 592 1490; x_wconf 89' lang='lat' dir='ltr'><strong>psalmos</strong></span> 
     </span>
    </p>
   </div>
   <div class='ocr_carea' id='block_1_8' title="bbox 257 1502 693 1563">
    <p class='ocr_par' dir='ltr' id='par_1_8' title="bbox 257 1502 693 1563">
     <span class='ocr_line' id='line_1_17' title="bbox 257 1502 693 1563; baseline 0.009 -4"><span class='ocrx_word' id='word_1_97' title='bbox 257 1505 418 1560; x_wconf 86' lang='lat' dir='ltr'><strong>sanctorum</strong></span> <span class='ocrx_word' id='word_1_98' title='bbox 441 1503 554 1561; x_wconf 92' lang='lat' dir='ltr'><strong>nomine</strong></span> <span class='ocrx_word' id='word_1_99' title='bbox 576 1502 693 1563; x_wconf 77' lang='lat' dir='ltr'><strong>Christi.</strong></span> 
     </span>
    </p>
   </div>
   <div class='ocr_carea' id='block_1_9' title="bbox 322 1618 540 1685">
    <p class='ocr_par' dir='ltr' id='par_1_9' title="bbox 322 1618 540 1685">
     <span class='ocr_line' id='line_1_18' title="bbox 322 1618 540 1685; baseline 0.009 -17"><span class='ocrx_word' id='word_1_100' title='bbox 322 1618 362 1669; x_wconf 79' lang='lat' dir='ltr'><strong>nu</strong></span> <span class='ocrx_word' id='word_1_101' title='bbox 380 1620 540 1685; x_wconf 48' lang='lat' dir='ltr'><strong>uulnus</strong></span> 
     </span>
    </p>
   </div>
   <div class='ocr_carea' id='block_1_10' title="bbox 150 1705 562 1781">
    <p class='ocr_par' dir='ltr' id='par_1_10' title="bbox 150 1705 562 1781">
     <span class='ocr_line' id='line_1_19' title="bbox 150 1705 562 1781; baseline 0.007 -18"><span class='ocrx_word' id='word_1_102' title='bbox 150 1707 187 1767; x_wconf 83' lang='lat' dir='ltr'><strong>h.</strong></span> <span class='ocrx_word' id='word_1_103' title='bbox 218 1706 258 1764; x_wconf 89' lang='lat' dir='ltr'><strong>lli</strong></span> <span class='ocrx_word' id='word_1_104' title='bbox 282 1707 338 1765; x_wconf 92' lang='lat' dir='ltr'><strong>duo</strong></span> <span class='ocrx_word' id='word_1_105' title='bbox 360 1712 426 1766; x_wconf 88' lang='lat' dir='ltr'><strong>suut</strong></span> <span class='ocrx_word' id='word_1_106' title='bbox 448 1705 562 1781; x_wconf 82' lang='lat' dir='ltr'><strong>tratres,</strong></span> 
     </span>
    </p>
   </div>
   <div class='ocr_carea' id='block_1_11' title="bbox 829 1469 1294 1788">
    <p class='ocr_par' dir='ltr' id='par_1_11' title="bbox 829 1469 1294 1788">
     <span class='ocr_line' id='line_1_20' title="bbox 830 1469 1145 1543; baseline -0.01 -13"><span class='ocrx_word' id='word_1_107' title='bbox 830 1470 943 1530; x_wconf 85' lang='lat' dir='ltr'><strong>Atticus</strong></span> <span class='ocrx_word' id='word_1_108' title='bbox 966 1475 1009 1527; x_wconf 84' lang='lat' dir='ltr'><strong>est</strong></span> <span class='ocrx_word' id='word_1_109' title='bbox 1029 1469 1145 1543; x_wconf 89' lang='lat' dir='ltr'><strong>praesul</strong></span> 
     </span>
     <span class='ocr_line' id='line_1_21' title="bbox 872 1554 1284 1627; baseline -0.002 -12"><span class='ocrx_word' id='word_1_110' title='bbox 872 1555 1023 1615; x_wconf 81' lang='lat' dir='ltr'><strong>Gallaecos</strong></span> <span class='ocrx_word' id='word_1_111' title='bbox 1044 1554 1147 1613; x_wconf 89' lang='lat' dir='ltr'><strong>missus</strong></span> <span class='ocrx_word' id='word_1_112' title='bbox 1169 1554 1284 1627; x_wconf 82' lang='lat' dir='ltr'><strong>adurae,</strong></span> 
     </span>
     <span class='ocr_line' id='line_1_22' title="bbox 829 1640 1108 1714; baseline -0.007 -14"><span class='ocrx_word' id='word_1_113' title='bbox 829 1640 913 1700; x_wconf 90' lang='lat' dir='ltr'><strong>ldela</strong></span> <span class='ocrx_word' id='word_1_114' title='bbox 935 1641 1108 1714; x_wconf 89' lang='lat' dir='ltr'><strong>compellens</strong></span> 
     </span>
     <span class='ocr_line' id='line_1_23' title="bbox 871 1724 1294 1788; baseline 0.005 -3"><span class='ocrx_word' id='word_1_115' title='bbox 871 1727 1003 1786; x_wconf 88' lang='lat' dir='ltr'><strong>venerari</strong></span> <span class='ocrx_word' id='word_1_116' title='bbox 1025 1732 1054 1784; x_wconf 88' lang='lat' dir='ltr'><strong>et</strong></span> <span class='ocrx_word' id='word_1_117' title='bbox 1076 1724 1143 1786; x_wconf 87' lang='lat' dir='ltr'><strong>fanu</strong></span> <span class='ocrx_word' id='word_1_118' title='bbox 1167 1727 1294 1788; x_wconf 88' lang='lat' dir='ltr'><strong>deorum.</strong></span> 
     </span>
    </p>
   </div>
   <div class='ocr_carea' id='block_1_12' title="bbox 257 1793 1083 1873">
    <p class='ocr_par' dir='ltr' id='par_1_12' title="bbox 257 1793 1083 1873">
     <span class='ocr_line' id='line_1_24' title="bbox 257 1793 1083 1873; baseline 0.01 -24"><span class='ocrx_word' id='word_1_119' title='bbox 257 1808 327 1864; x_wconf 90' lang='lat' dir='ltr'><strong>ques</strong></span> <span class='ocrx_word' id='word_1_120' title='bbox 347 1793 428 1852; x_wconf 77' lang='lat' dir='ltr'><strong>drus</strong></span> <span class='ocrx_word' id='word_1_121' title='bbox 442 1810 564 1867; x_wconf 91' lang='lat' dir='ltr'><strong>namque</strong></span> <span class='ocrx_word' id='word_1_122' title='bbox 578 1796 713 1869; x_wconf 77' lang='lat' dir='ltr'><strong>gemellos</strong></span> <span class='ocrx_word' id='word_1_123' title='bbox 766 1814 799 1872; x_wconf 59' lang='lat' dir='ltr'><strong>v,</strong></span> <span class='ocrx_word' id='word_1_124' title='bbox 830 1812 914 1873; x_wconf 62' lang='lat' dir='ltr'><strong>cive,</strong></span> <span class='ocrx_word' id='word_1_125' title='bbox 936 1813 1003 1871; x_wconf 71' lang='lat' dir='ltr'><strong>jude</strong></span> <span class='ocrx_word' id='word_1_126' title='bbox 1026 1811 1083 1871; x_wconf 71' lang='lat'><em>(1110</em></span> 
     </span>
    </p>
   </div>
   <div class='ocr_carea' id='block_1_13' title="bbox 214 1877 680 2378">
    <p class='ocr_par' dir='ltr' id='par_1_13' title="bbox 216 1877 490 1952">
     <span class='ocr_line' id='line_1_25' title="bbox 216 1877 490 1952; baseline 0.011 -18"><span class='ocrx_word' id='word_1_127' title='bbox 216 1877 363 1936; x_wconf 76' lang='lat' dir='ltr'><strong>Ecclesiae</strong></span> <span class='ocrx_word' id='word_1_128' title='bbox 385 1894 490 1952; x_wconf 92' lang='lat' dir='ltr'><strong>sponso</strong></span> 
     </span>
    </p>

    <p class='ocr_par' dir='ltr' id='par_1_14' title="bbox 215 1964 558 2107">
     <span class='ocr_line' id='line_1_26' title="bbox 258 1964 558 2043; baseline 0.013 -23"><span class='ocrx_word' id='word_1_129' title='bbox 258 1964 381 2036; x_wconf 84' lang='lat' dir='ltr'><strong>parturit</strong></span> <span class='ocrx_word' id='word_1_130' title='bbox 403 1967 477 2024; x_wconf 87' lang='lat' dir='ltr'><strong>alma</strong></span> <span class='ocrx_word' id='word_1_131' title='bbox 498 1982 558 2043; x_wconf 90' lang='lat' dir='ltr'><strong>suo,</strong></span> 
     </span>
     <span class='ocr_line' id='line_1_27' title="bbox 215 2047 493 2107; baseline 0.004 -1"><span class='ocrx_word' id='word_1_132' title='bbox 215 2047 323 2106; x_wconf 82' lang='lat' dir='ltr'><strong>Ambos</strong></span> <span class='ocrx_word' id='word_1_133' title='bbox 346 2048 493 2107; x_wconf 88' lang='lat' dir='ltr'><strong>camilices</strong></span> 
     </span>
    </p>

    <p class='ocr_par' dir='ltr' id='par_1_15' title="bbox 214 2135 680 2281">
     <span class='ocr_line' id='line_1_28' title="bbox 258 2135 680 2210; baseline 0.014 -20"><span class='ocrx_word' id='word_1_134' title='bbox 258 2140 390 2206; x_wconf 87' lang='lat' dir='ltr'><strong>torquent</strong></span> <span class='ocrx_word' id='word_1_135' title='bbox 412 2135 583 2194; x_wconf 84' lang='lat' dir='ltr'><strong>cruciamine</strong></span> <span class='ocrx_word' id='word_1_136' title='bbox 606 2137 680 2210; x_wconf 89' lang='lat' dir='ltr'><strong>diro,</strong></span> 
     </span>
     <span class='ocr_line' id='line_1_29' title="bbox 214 2219 510 2281; baseline 0.007 -4"><span class='ocrx_word' id='word_1_137' title='bbox 214 2219 296 2277; x_wconf 86' lang='lat' dir='ltr'><strong>Mors</strong></span> <span class='ocrx_word' id='word_1_138' title='bbox 317 2236 375 2278; x_wconf 89' lang='lat' dir='ltr'><strong>una</strong></span> <span class='ocrx_word' id='word_1_139' title='bbox 396 2221 510 2281; x_wconf 87' lang='lat' dir='ltr'><strong>Christo</strong></span> 
     </span>
    </p>

    <p class='ocr_par' dir='ltr' id='par_1_16' title="bbox 254 2305 582 2378">
     <span class='ocr_line' id='line_1_30' title="bbox 254 2305 582 2378; baseline 0.018 -16"><span class='ocrx_word' id='word_1_140' title='bbox 254 2305 349 2378; x_wconf 79' lang='lat' dir='ltr'><strong>jungit</strong></span> <span class='ocrx_word' id='word_1_141' title='bbox 371 2312 400 2363; x_wconf 85' lang='lat' dir='ltr'><strong>et</strong></span> <span class='ocrx_word' id='word_1_142' title='bbox 421 2322 478 2366; x_wconf 89' lang='lat' dir='ltr'><strong>una</strong></span> <span class='ocrx_word' id='word_1_143' title='bbox 501 2306 582 2370; x_wconf 86' lang='lat' dir='ltr'><strong>fides.</strong></span> 
     </span>
    </p>
   </div>
   <div class='ocr_carea' id='block_1_14' title="bbox 274 2476 594 2544">
    <p class='ocr_par' dir='ltr' id='par_1_17' title="bbox 274 2476 594 2544">
     <span class='ocr_line' id='line_1_31' title="bbox 274 2476 594 2544; baseline 0.028 -10"><span class='ocrx_word' id='word_1_144' title='bbox 274 2476 329 2535; x_wconf 86' lang='lat' dir='ltr'><strong>Ad</strong></span> <span class='ocrx_word' id='word_1_145' title='bbox 351 2478 594 2544; x_wconf 85' lang='lat' dir='ltr'><strong>Matutinum.</strong></span> 
     </span>
    </p>
   </div>
   <div class='ocr_carea' id='block_1_15' title="bbox 214 2588 525 2761">
    <p class='ocr_par' dir='ltr' id='par_1_18' title="bbox 214 2588 525 2761">
     <span class='ocr_line' id='line_1_32' title="bbox 333 2588 525 2640; baseline 0.026 -4"><span class='ocrx_word' id='word_1_146' title='bbox 333 2588 525 2640; x_wconf 81' lang='lat' dir='ltr'><strong>Invitatorium.</strong></span> 
     </span>
     <span class='ocr_line' id='line_1_33' title="bbox 214 2680 512 2761; baseline 0.02 -24"><span class='ocrx_word' id='word_1_147' title='bbox 214 2680 341 2739; x_wconf 78' lang='lat' dir='ltr'><strong>Aethera</strong></span> <span class='ocrx_word' id='word_1_148' title='bbox 362 2683 411 2757; x_wconf 92' lang='lat' dir='ltr'><strong>qui</strong></span> <span class='ocrx_word' id='word_1_149' title='bbox 434 2681 512 2761; x_wconf 82' lang='lat' dir='ltr'><strong>lecit,</strong></span> 
     </span>
    </p>
   </div>
   <div class='ocr_carea' id='block_1_16' title="bbox 257 2771 711 2845">
    <p class='ocr_par' dir='ltr' id='par_1_19' title="bbox 257 2771 711 2845">
     <span class='ocr_line' id='line_1_34' title="bbox 257 2771 711 2845; baseline 0.024 -22"><span class='ocrx_word' id='word_1_150' title='bbox 257 2771 359 2840; x_wconf 86' lang='lat' dir='ltr'><strong>terras,</strong></span> <span class='ocrx_word' id='word_1_151' title='bbox 382 2777 555 2845; x_wconf 80' lang='lat' dir='ltr'><strong>pontumque</strong></span> <span class='ocrx_word' id='word_1_152' title='bbox 581 2773 711 2833; x_wconf 88' lang='lat' dir='ltr'><strong>erebum-</strong></span> 
     </span>
    </p>
   </div>
   <div class='ocr_carea' id='block_1_17' title="bbox 213 2873 672 3098">
    <p class='ocr_par' dir='ltr' id='par_1_20' title="bbox 213 2873 672 3098">
     <span class='ocr_line' id='line_1_35' title="bbox 213 2873 576 3014; baseline 0.022 -21"><span class='ocrx_word' id='word_1_153' title='bbox 213 2936 267 2994; x_wconf 86' lang='lat' dir='ltr'><strong>Est</strong></span> <span class='ocrx_word' id='word_1_154' title='bbox 291 2937 368 2996; x_wconf 86' lang='lat' dir='ltr'><strong>Deus</strong></span> <span class='ocrx_word' id='word_1_155' title='bbox 389 2873 576 3014; x_wconf 47' lang='grc' dir='ltr'><strong>οωηίροὲοῗιῗ,</strong></span> 
     </span>
     <span class='ocr_line' id='line_1_36' title="bbox 257 3022 672 3098; baseline 0.027 -19"><span class='ocrx_word' id='word_1_156' title='bbox 257 3022 335 3082; x_wconf 91' lang='lat' dir='ltr'><strong>orbis</strong></span> <span class='ocrx_word' id='word_1_157' title='bbox 358 3041 440 3098; x_wconf 91' lang='lat' dir='ltr'><strong>quem</strong></span> <span class='ocrx_word' id='word_1_158' title='bbox 463 3032 539 3086; x_wconf 87' lang='lat' dir='ltr'><strong>totus</strong></span> <span class='ocrx_word' id='word_1_159' title='bbox 561 3030 672 3091; x_wconf 86' lang='lat' dir='ltr'><strong>odoret.</strong></span> 
     </span>
    </p>
   </div>
   <div class='ocr_carea' id='block_1_18' title="bbox 269 3195 588 3371">
    <p class='ocr_par' dir='ltr' id='par_1_21' title="bbox 269 3195 588 3371">
     <span class='ocr_line' id='line_1_37' title="bbox 269 3195 588 3259; baseline 0.022 -7"><span class='ocrx_word' id='word_1_160' title='bbox 269 3195 309 3252; x_wconf 93' lang='lat' dir='ltr'><strong>ln</strong></span> <span class='ocrx_word' id='word_1_161' title='bbox 335 3195 362 3256; x_wconf 92' lang='lat'><strong>1.</strong></span> <span class='ocrx_word' id='word_1_162' title='bbox 387 3195 588 3259; x_wconf 80' lang='lat' dir='ltr'><strong>Nocturna.</strong></span> 
     </span>
     <span class='ocr_line' id='line_1_38' title="bbox 345 3306 519 3371; baseline 0.023 -17"><span class='ocrx_word' id='word_1_163' title='bbox 345 3306 519 3371; x_wconf 82' lang='lat' dir='ltr'><strong>hutiphouae.</strong></span> 
     </span>
    </p>
   </div>
   <div class='ocr_carea' id='block_1_19' title="bbox 163 3399 699 3730">
    <p class='ocr_par' dir='ltr' id='par_1_22' title="bbox 163 3399 699 3730">
     <span class='ocr_line' id='line_1_39' title="bbox 163 3399 486 3460; baseline 0.009 -3"><span class='ocrx_word' id='word_1_164' title='bbox 163 3401 189 3457; x_wconf 89' lang='lat'><strong>1.</strong></span> <span class='ocrx_word' id='word_1_165' title='bbox 213 3399 299 3458; x_wconf 85' lang='lat' dir='ltr'><strong>Jussa</strong></span> <span class='ocrx_word' id='word_1_166' title='bbox 319 3400 374 3458; x_wconf 83' lang='lat' dir='ltr'><strong>riri</strong></span> <span class='ocrx_word' id='word_1_167' title='bbox 398 3400 486 3460; x_wconf 85' lang='lat' dir='ltr'><strong>tontes</strong></span> 
     </span>
     <span class='ocr_line' id='line_1_40' title="bbox 257 3486 699 3564; baseline 0.016 -21"><span class='ocrx_word' id='word_1_168' title='bbox 257 3486 403 3559; x_wconf 77' lang='lat' dir='ltr'><strong>negligunt</strong></span> <span class='ocrx_word' id='word_1_169' title='bbox 425 3489 555 3548; x_wconf 85' lang='lat' dir='ltr'><strong>consulta</strong></span> <span class='ocrx_word' id='word_1_170' title='bbox 575 3491 699 3564; x_wconf 82' lang='lat' dir='ltr'><strong>tyranni,</strong></span> 
     </span>
     <span class='ocr_line' id='line_1_41' title="bbox 215 3570 522 3646; baseline 0.007 -17"><span class='ocrx_word' id='word_1_171' title='bbox 215 3570 272 3629; x_wconf 88' lang='lat' dir='ltr'><strong>Sed</strong></span> <span class='ocrx_word' id='word_1_172' title='bbox 295 3570 384 3646; x_wconf 79' lang='lat' dir='ltr'><strong>legem</strong></span> <span class='ocrx_word' id='word_1_173' title='bbox 408 3572 522 3631; x_wconf 85' lang='lat' dir='ltr'><strong>Domini</strong></span> 
     </span>
     <span class='ocr_line' id='line_1_42' title="bbox 258 3658 629 3730; baseline 0.022 -17"><span class='ocrx_word' id='word_1_174' title='bbox 258 3673 371 3730; x_wconf 89' lang='lat' dir='ltr'><strong>semper</strong></span> <span class='ocrx_word' id='word_1_175' title='bbox 393 3658 499 3717; x_wconf 88' lang='lat' dir='ltr'><strong>hahere</strong></span> <span class='ocrx_word' id='word_1_176' title='bbox 523 3660 629 3723; x_wconf 83' lang='lat' dir='ltr'><strong>volunt.</strong></span> 
     </span>
    </p>
   </div>
   <div class='ocr_carea' id='block_1_20' title="bbox 162 3758 667 3991">
    <p class='ocr_par' dir='ltr' id='par_1_23' title="bbox 162 3758 667 3991">
     <span class='ocr_line' id='line_1_43' title="bbox 162 3758 599 3821; baseline 0.007 -3"><span class='ocrx_word' id='word_1_177' title='bbox 162 3760 190 3818; x_wconf 88' lang='lat'><strong>2.</strong></span> <span class='ocrx_word' id='word_1_178' title='bbox 215 3759 293 3818; x_wconf 87' lang='lat' dir='ltr'><strong>Gens</strong></span> <span class='ocrx_word' id='word_1_179' title='bbox 316 3758 412 3818; x_wconf 90' lang='lat' dir='ltr'><strong>tremit</strong></span> <span class='ocrx_word' id='word_1_180' title='bbox 433 3761 462 3819; x_wconf 92' lang='lat' dir='ltr'><strong>iu</strong></span> <span class='ocrx_word' id='word_1_181' title='bbox 486 3769 599 3821; x_wconf 88' lang='lat' dir='ltr'><strong>sanctos</strong></span> 
     </span>
     <span class='ocr_line' id='line_1_44' title="bbox 255 3844 667 3922; baseline 0.012 -19"><span class='ocrx_word' id='word_1_182' title='bbox 255 3844 376 3917; x_wconf 89' lang='lat' dir='ltr'><strong>populus</strong></span> <span class='ocrx_word' id='word_1_183' title='bbox 399 3847 554 3906; x_wconf 88' lang='lat' dir='ltr'><strong>meditatur</strong></span> <span class='ocrx_word' id='word_1_184' title='bbox 574 3849 667 3922; x_wconf 91' lang='lat' dir='ltr'><strong>inane,</strong></span> 
     </span>
     <span class='ocr_line' id='line_1_45' title="bbox 214 3929 494 3991; baseline 0.007 -3"><span class='ocrx_word' id='word_1_185' title='bbox 214 3929 270 3988; x_wconf 89' lang='lat' dir='ltr'><strong>Sed</strong></span> <span class='ocrx_word' id='word_1_186' title='bbox 295 3931 371 3989; x_wconf 88' lang='lat' dir='ltr'><strong>ridet</strong></span> <span class='ocrx_word' id='word_1_187' title='bbox 392 3933 494 3991; x_wconf 89' lang='lat' dir='ltr'><strong>stultos</strong></span> 
     </span>
    </p>
   </div>
   <div class='ocr_carea' id='block_1_21' title="bbox 257 4016 677 4083">
    <p class='ocr_par' dir='ltr' id='par_1_24' title="bbox 257 4016 677 4083">
     <span class='ocr_line' id='line_1_46' title="bbox 257 4016 677 4083; baseline 0.012 -7"><span class='ocrx_word' id='word_1_188' title='bbox 257 4016 388 4076; x_wconf 86' lang='lat' dir='ltr'><strong>Christus</strong></span> <span class='ocrx_word' id='word_1_189' title='bbox 413 4017 442 4075; x_wconf 90' lang='lat' dir='ltr'><strong>in</strong></span> <span class='ocrx_word' id='word_1_190' title='bbox 464 4024 544 4078; x_wconf 90' lang='lat' dir='ltr'><strong>astra</strong></span> <span class='ocrx_word' id='word_1_191' title='bbox 565 4020 677 4083; x_wconf 75' lang='lat' dir='ltr'><strong>sedens,</strong></span> 
     </span>
    </p>
   </div>
   <div class='ocr_carea' id='block_1_22' title="bbox 160 4117 671 4452">
    <p class='ocr_par' dir='ltr' id='par_1_25' title="bbox 160 4117 671 4452">
     <span class='ocr_line' id='line_1_47' title="bbox 160 4117 534 4194; baseline 0.008 -17"><span class='ocrx_word' id='word_1_192' title='bbox 160 4120 188 4178; x_wconf 89' lang='grc'><strong>3.</strong></span> <span class='ocrx_word' id='word_1_193' title='bbox 213 4117 320 4177; x_wconf 80' lang='lat' dir='ltr'><strong>Secum</strong></span> <span class='ocrx_word' id='word_1_194' title='bbox 342 4135 428 4178; x_wconf 87' lang='lat' dir='ltr'><strong>saeva</strong></span> <span class='ocrx_word' id='word_1_195' title='bbox 449 4128 534 4194; x_wconf 89' lang='lat' dir='ltr'><strong>parat</strong></span> 
     </span>
     <span class='ocr_line' id='line_1_48' title="bbox 256 4207 671 4281; baseline 0.014 -20"><span class='ocrx_word' id='word_1_196' title='bbox 256 4211 390 4277; x_wconf 88' lang='lat' dir='ltr'><strong>peccator</strong></span> <span class='ocrx_word' id='word_1_197' title='bbox 413 4207 533 4266; x_wconf 90' lang='lat' dir='ltr'><strong>verbera</strong></span> <span class='ocrx_word' id='word_1_198' title='bbox 553 4210 671 4281; x_wconf 86' lang='lat' dir='ltr'><strong>sanctis,</strong></span> 
     </span>
     <span class='ocr_line' id='line_1_49' title="bbox 212 4288 465 4369; baseline 0.012 -23"><span class='ocrx_word' id='word_1_199' title='bbox 212 4289 287 4360; x_wconf 79' lang='lat' dir='ltr'><strong>Quos</strong></span> <span class='ocrx_word' id='word_1_200' title='bbox 310 4288 465 4369; x_wconf 79' lang='lat' dir='ltr'><strong>perfecisti,</strong></span> 
     </span>
     <span class='ocr_line' id='line_1_50' title="bbox 255 4376 649 4452; baseline 0.015 -17"><span class='ocrx_word' id='word_1_201' title='bbox 255 4376 386 4448; x_wconf 83' lang='lat' dir='ltr'><strong>perdere,</strong></span> <span class='ocrx_word' id='word_1_202' title='bbox 411 4377 532 4451; x_wconf 86' lang='lat' dir='ltr'><strong>Christe,</strong></span> <span class='ocrx_word' id='word_1_203' title='bbox 556 4385 649 4452; x_wconf 87' lang='lat' dir='ltr'><strong>parat.</strong></span> 
     </span>
    </p>
   </div>
   <div class='ocr_carea' id='block_1_23' title="bbox 830 1895 1320 2129">
    <p class='ocr_par' dir='ltr' id='par_1_26' title="bbox 830 1895 1320 2129">
     <span class='ocr_line' id='line_1_51' title="bbox 872 1895 1267 1957; baseline 0 -1"><span class='ocrx_word' id='word_1_204' title='bbox 872 1897 927 1957; x_wconf 92' lang='lat' dir='ltr'><strong>Dei</strong></span> <span class='ocrx_word' id='word_1_205' title='bbox 948 1898 978 1956; x_wconf 93' lang='lat' dir='ltr'><strong>iu</strong></span> <span class='ocrx_word' id='word_1_206' title='bbox 1001 1899 1156 1957; x_wconf 72' lang='lat' dir='ltr'><strong>certamine</strong></span> <span class='ocrx_word' id='word_1_207' title='bbox 1177 1895 1267 1956; x_wconf 83' lang='lat' dir='ltr'><strong>fortes</strong></span> 
     </span>
     <span class='ocr_line' id='line_1_52' title="bbox 830 1983 1152 2062; baseline 0 -20"><span class='ocrx_word' id='word_1_208' title='bbox 830 1983 982 2062; x_wconf 80' lang='lat' dir='ltr'><strong>Direrunt,</strong></span> <span class='ocrx_word' id='word_1_209' title='bbox 1007 1983 1152 2042; x_wconf 84' lang='lat' dir='ltr'><strong>Christum</strong></span> 
     </span>
     <span class='ocr_line' id='line_1_53' title="bbox 872 2068 1320 2129; baseline -0.004 0"><span class='ocrx_word' id='word_1_210' title='bbox 872 2068 966 2129; x_wconf 92' lang='lat' dir='ltr'><strong>colere</strong></span> <span class='ocrx_word' id='word_1_211' title='bbox 988 2074 1017 2127; x_wconf 88' lang='lat' dir='ltr'><strong>et</strong></span> <span class='ocrx_word' id='word_1_212' title='bbox 1033 2074 1213 2128; x_wconf 86' lang='lat' dir='ltr'><strong>contemnere</strong></span> <span class='ocrx_word' id='word_1_213' title='bbox 1230 2069 1320 2128; x_wconf 84' lang='lat' dir='ltr'><strong>divos.</strong></span> 
     </span>
    </p>
   </div>
   <div class='ocr_carea' id='block_1_24' title="bbox 776 2188 1160 2250">
    <p class='ocr_par' dir='ltr' id='par_1_27' title="bbox 776 2188 1160 2250">
     <span class='ocr_line' id='line_1_54' title="bbox 776 2188 1160 2250; baseline -0.008 -1"><span class='ocrx_word' id='word_1_214' title='bbox 776 2191 805 2250; x_wconf 88' lang='lat'><strong>2.</strong></span> <span class='ocrx_word' id='word_1_215' title='bbox 828 2188 922 2249; x_wconf 84' lang='lat' dir='ltr'><strong>Ambo</strong></span> <span class='ocrx_word' id='word_1_216' title='bbox 944 2189 999 2249; x_wconf 87' lang='lat' dir='ltr'><strong>viri</strong></span> <span class='ocrx_word' id='word_1_217' title='bbox 1021 2188 1160 2248; x_wconf 81' lang='lat' dir='ltr'><strong>audacter</strong></span> 
     </span>
    </p>
   </div>
   <div class='ocr_carea' id='block_1_25' title="bbox 828 2274 1325 2519">
    <p class='ocr_par' dir='ltr' id='par_1_28' title="bbox 828 2274 1325 2519">
     <span class='ocr_line' id='line_1_55' title="bbox 872 2274 1323 2348; baseline 0.004 -15"><span class='ocrx_word' id='word_1_218' title='bbox 872 2275 1047 2347; x_wconf 88' lang='lat' dir='ltr'><strong>respondent</strong></span> <span class='ocrx_word' id='word_1_219' title='bbox 1068 2274 1195 2348; x_wconf 82' lang='lat' dir='ltr'><strong>praesidi</strong></span> <span class='ocrx_word' id='word_1_220' title='bbox 1211 2274 1323 2348; x_wconf 91' lang='lat' dir='ltr'><strong>iniquo:</strong></span> 
     </span>
     <span class='ocr_line' id='line_1_56' title="bbox 828 2361 1174 2433; baseline -0.006 -13"><span class='ocrx_word' id='word_1_221' title='bbox 828 2361 882 2433; x_wconf 88' lang='lat' dir='ltr'><strong>Tu,</strong></span> <span class='ocrx_word' id='word_1_222' title='bbox 905 2361 1000 2433; x_wconf 92' lang='lat' dir='ltr'><strong>miser,</strong></span> <span class='ocrx_word' id='word_1_223' title='bbox 1021 2376 1052 2418; x_wconf 96' lang='lat' dir='ltr'><strong>es</strong></span> <span class='ocrx_word' id='word_1_224' title='bbox 1072 2376 1174 2418; x_wconf 87' lang='lat' dir='ltr'><strong>caecus</strong></span> 
     </span>
     <span class='ocr_line' id='line_1_57' title="bbox 871 2446 1325 2519; baseline 0 -14"><span class='ocrx_word' id='word_1_225' title='bbox 871 2462 1010 2505; x_wconf 88' lang='lat' dir='ltr'><strong>venerans</strong></span> <span class='ocrx_word' id='word_1_226' title='bbox 1024 2446 1177 2505; x_wconf 88' lang='lat' dir='ltr'><strong>simulacra</strong></span> <span class='ocrx_word' id='word_1_227' title='bbox 1191 2446 1325 2519; x_wconf 80' lang='lat' dir='ltr'><strong>deorum3</strong></span> 
     </span>
    </p>
   </div>
   <div class='ocr_carea' id='block_1_26' title="bbox 765 2531 1156 2592">
    <p class='ocr_par' dir='ltr' id='par_1_29' title="bbox 765 2531 1156 2592">
     <span class='ocr_line' id='line_1_58' title="bbox 765 2531 1156 2592; baseline -0.008 0"><span class='ocrx_word' id='word_1_228' title='bbox 765 2534 800 2592; x_wconf 88' lang='lat' dir='ltr'><strong>V.</strong></span> <span class='ocrx_word' id='word_1_229' title='bbox 834 2533 980 2592; x_wconf 86' lang='lat' dir='ltr'><strong>Hactenus</strong></span> <span class='ocrx_word' id='word_1_230' title='bbox 1002 2532 1031 2589; x_wconf 95' lang='lat' dir='ltr'><strong>in</strong></span> <span class='ocrx_word' id='word_1_231' title='bbox 1054 2531 1156 2591; x_wconf 86' lang='lat' dir='ltr'><strong>castris</strong></span> 
     </span>
    </p>
   </div>
   <div class='ocr_carea' id='block_1_27' title="bbox 827 2617 1324 2862">
    <p class='ocr_par' dir='ltr' id='par_1_30' title="bbox 827 2617 1324 2862">
     <span class='ocr_line' id='line_1_59' title="bbox 870 2617 1300 2692; baseline 0.002 -17"><span class='ocrx_word' id='word_1_232' title='bbox 870 2618 986 2676; x_wconf 87' lang='lat' dir='ltr'><strong>tulimus</strong></span> <span class='ocrx_word' id='word_1_233' title='bbox 1008 2617 1033 2675; x_wconf 93' lang='lat' dir='ltr'><strong>si</strong></span> <span class='ocrx_word' id='word_1_234' title='bbox 1055 2617 1167 2691; x_wconf 87' lang='lat' dir='ltr'><strong>proelia</strong></span> <span class='ocrx_word' id='word_1_235' title='bbox 1187 2618 1300 2692; x_wconf 83' lang='lat' dir='ltr'><strong>restris,</strong></span> 
     </span>
     <span class='ocr_line' id='line_1_60' title="bbox 827 2702 1135 2763; baseline -0.01 0"><span class='ocrx_word' id='word_1_236' title='bbox 827 2705 963 2763; x_wconf 84' lang='lat' dir='ltr'><strong>Attamen</strong></span> <span class='ocrx_word' id='word_1_237' title='bbox 985 2702 1015 2761; x_wconf 95' lang='lat' dir='ltr'><strong>in</strong></span> <span class='ocrx_word' id='word_1_238' title='bbox 1037 2709 1135 2762; x_wconf 89' lang='lat' dir='ltr'><strong>nostro</strong></span> 
     </span>
     <span class='ocr_line' id='line_1_61' title="bbox 871 2786 1324 2862; baseline 0.002 -16"><span class='ocrx_word' id='word_1_239' title='bbox 871 2804 1016 2848; x_wconf 82' lang='lat' dir='ltr'><strong>servamus</strong></span> <span class='ocrx_word' id='word_1_240' title='bbox 1038 2795 1155 2862; x_wconf 89' lang='lat' dir='ltr'><strong>pectore</strong></span> <span class='ocrx_word' id='word_1_241' title='bbox 1170 2786 1324 2847; x_wconf 89' lang='lat' dir='ltr'><strong>Christum.</strong></span> 
     </span>
    </p>
   </div>
   <div class='ocr_carea' id='block_1_28' title="bbox 774 2924 1136 2998">
    <p class='ocr_par' dir='ltr' id='par_1_31' title="bbox 774 2924 1136 2998">
     <span class='ocr_line' id='line_1_62' title="bbox 774 2924 1136 2998; baseline -0.017 -10"><span class='ocrx_word' id='word_1_242' title='bbox 774 2930 803 2988; x_wconf 83' lang='lat'><strong>3.</strong></span> <span class='ocrx_word' id='word_1_243' title='bbox 826 2925 925 2986; x_wconf 87' lang='lat' dir='ltr'><strong>Sancti</strong></span> <span class='ocrx_word' id='word_1_244' title='bbox 946 2942 999 2998; x_wconf 89' lang='lat' dir='ltr'><strong>pro</strong></span> <span class='ocrx_word' id='word_1_245' title='bbox 1023 2924 1136 2984; x_wconf 89' lang='lat' dir='ltr'><strong>Christo</strong></span> 
     </span>
    </p>
   </div>
   <div class='ocr_carea' id='block_1_29' title="bbox 827 3010 1149 3166">
    <p class='ocr_par' dir='ltr' id='par_1_32' title="bbox 827 3010 1149 3166">
     <span class='ocr_line' id='line_1_63' title="bbox 869 3010 1102 3070; baseline 0 0"><span class='ocrx_word' id='word_1_246' title='bbox 869 3028 925 3070; x_wconf 91' lang='lat' dir='ltr'><strong>non</strong></span> <span class='ocrx_word' id='word_1_247' title='bbox 946 3010 1102 3070; x_wconf 86' lang='lat' dir='ltr'><strong>timuerunt</strong></span> 
     </span>
     <span class='ocr_line' id='line_1_64' title="bbox 827 3094 1149 3166; baseline 0.003 -15"><span class='ocrx_word' id='word_1_248' title='bbox 827 3096 954 3155; x_wconf 88' lang='lat' dir='ltr'><strong>Verbera</strong></span> <span class='ocrx_word' id='word_1_249' title='bbox 975 3094 1149 3166; x_wconf 75' lang='lat' dir='ltr'><strong>cumidem,</strong></span> 
     </span>
    </p>
   </div>
   <div class='ocr_carea' id='block_1_30' title="bbox 783 3182 1157 3327">
    <p class='ocr_par' dir='ltr' id='par_1_33' title="bbox 783 3182 1157 3327">
     <span class='ocr_line' id='line_1_65' title="bbox 783 3182 1132 3255; baseline -0.003 -14"><span class='ocrx_word' id='word_1_250' title='bbox 783 3212 784 3215; x_wconf 35' lang='lat'>¹</span> <span class='ocrx_word' id='word_1_251' title='bbox 870 3182 992 3255; x_wconf 83' lang='lat' dir='ltr'><strong>vincula,</strong></span> <span class='ocrx_word' id='word_1_252' title='bbox 1016 3197 1132 3255; x_wconf 86' lang='lat' dir='ltr'><strong>poenas,</strong></span> 
     </span>
     <span class='ocr_line' id='line_1_66' title="bbox 826 3266 1157 3327; baseline 0 -2"><span class='ocrx_word' id='word_1_253' title='bbox 826 3267 981 3327; x_wconf 90' lang='lat' dir='ltr'><strong>Tormenta</strong></span> <span class='ocrx_word' id='word_1_254' title='bbox 1004 3276 1033 3325; x_wconf 90' lang='lat' dir='ltr'><strong>et</strong></span> <span class='ocrx_word' id='word_1_255' title='bbox 1053 3266 1157 3325; x_wconf 89' lang='lat' dir='ltr'><strong>multus</strong></span> 
     </span>
    </p>
   </div>
   <div class='ocr_carea' id='block_1_31' title="bbox 869 3350 1097 3424">
    <p class='ocr_par' dir='ltr' id='par_1_34' title="bbox 869 3350 1097 3424">
     <span class='ocr_line' id='line_1_67' title="bbox 869 3350 1097 3424; baseline 0.009 -15"><span class='ocrx_word' id='word_1_256' title='bbox 869 3350 946 3411; x_wconf 84' lang='lat' dir='ltr'><strong>terre</strong></span> <span class='ocrx_word' id='word_1_257' title='bbox 966 3351 1097 3424; x_wconf 80' lang='lat' dir='ltr'><strong>lahores3</strong></span> 
     </span>
    </p>
   </div>
   <div class='ocr_carea' id='block_1_32' title="bbox 764 3437 1113 3500">
    <p class='ocr_par' dir='ltr' id='par_1_35' title="bbox 764 3437 1113 3500">
     <span class='ocr_line' id='line_1_68' title="bbox 764 3437 1113 3500; baseline -0.003 -3"><span class='ocrx_word' id='word_1_258' title='bbox 764 3437 798 3500; x_wconf 86' lang='lat' dir='ltr'><strong>V.</strong></span> <span class='ocrx_word' id='word_1_259' title='bbox 830 3438 866 3497; x_wconf 89' lang='lat' dir='ltr'><strong>lli</strong></span> <span class='ocrx_word' id='word_1_260' title='bbox 891 3443 1113 3497; x_wconf 85' lang='lat' dir='ltr'><strong>comtemnentes</strong></span> 
     </span>
    </p>
   </div>
   <div class='ocr_carea' id='block_1_33' title="bbox 827 3524 1177 3683">
    <p class='ocr_par' dir='ltr' id='par_1_36' title="bbox 827 3524 1177 3683">
     <span class='ocr_line' id='line_1_69' title="bbox 870 3524 1095 3597; baseline -0.004 -15"><span class='ocrx_word' id='word_1_261' title='bbox 870 3525 975 3597; x_wconf 82' lang='lat' dir='ltr'><strong>gaudia</strong></span> <span class='ocrx_word' id='word_1_262' title='bbox 997 3524 1095 3583; x_wconf 91' lang='lat' dir='ltr'><strong>muudi</strong></span> 
     </span>
     <span class='ocr_line' id='line_1_70' title="bbox 827 3609 1177 3683; baseline -0.006 -14"><span class='ocrx_word' id='word_1_263' title='bbox 827 3610 959 3669; x_wconf 84' lang='lat' dir='ltr'><strong>Tradunt</strong></span> <span class='ocrx_word' id='word_1_264' title='bbox 979 3627 1033 3683; x_wconf 91' lang='lat' dir='ltr'><strong>pro</strong></span> <span class='ocrx_word' id='word_1_265' title='bbox 1056 3609 1177 3668; x_wconf 90' lang='lat' dir='ltr'><strong>Domino</strong></span> 
     </span>
    </p>
   </div>
   <div class='ocr_carea' id='block_1_34' title="bbox 870 3694 1107 3769">
    <p class='ocr_par' dir='ltr' id='par_1_37' title="bbox 870 3694 1107 3769">
     <span class='ocr_line' id='line_1_71' title="bbox 870 3694 1107 3769; baseline 0.013 -14"><span class='ocrx_word' id='word_1_266' title='bbox 870 3712 990 3769; x_wconf 88' lang='lat' dir='ltr'><strong>corpora</strong></span> <span class='ocrx_word' id='word_1_267' title='bbox 1012 3694 1107 3758; x_wconf 75' lang='lat' dir='ltr'><strong>morti.</strong></span> 
     </span>
    </p>
   </div>
   <div class='ocr_carea' id='block_1_35' title="bbox 884 3903 1205 4086">
    <p class='ocr_par' dir='ltr' id='par_1_38' title="bbox 884 3903 1205 4086">
     <span class='ocr_line' id='line_1_72' title="bbox 884 3903 1205 3963; baseline 0.003 -4"><span class='ocrx_word' id='word_1_268' title='bbox 884 3903 924 3960; x_wconf 96' lang='lat' dir='ltr'><strong>ln</strong></span> <span class='ocrx_word' id='word_1_269' title='bbox 947 3903 976 3963; x_wconf 82' lang='grc'><strong>2.</strong></span> <span class='ocrx_word' id='word_1_270' title='bbox 999 3903 1205 3963; x_wconf 87' lang='lat' dir='ltr'><strong>Nocturno.</strong></span> 
     </span>
     <span class='ocr_line' id='line_1_73' title="bbox 953 4020 1129 4086; baseline 0 -16"><span class='ocrx_word' id='word_1_271' title='bbox 953 4020 1129 4086; x_wconf 81' lang='lat' dir='ltr'><strong>Antiphouao.</strong></span> 
     </span>
    </p>
   </div>
   <div class='ocr_carea' id='block_1_36' title="bbox 774 4124 1099 4196">
    <p class='ocr_par' dir='ltr' id='par_1_39' title="bbox 774 4124 1099 4196">
     <span class='ocr_line' id='line_1_74' title="bbox 774 4124 1099 4196; baseline -0.009 -12"><span class='ocrx_word' id='word_1_272' title='bbox 774 4125 801 4185; x_wconf 89' lang='lat'><strong>1.</strong></span> <span class='ocrx_word' id='word_1_273' title='bbox 825 4124 865 4183; x_wconf 91' lang='lat' dir='ltr'><strong>Hi</strong></span> <span class='ocrx_word' id='word_1_274' title='bbox 886 4131 952 4182; x_wconf 89' lang='lat' dir='ltr'><strong>suut</strong></span> <span class='ocrx_word' id='word_1_275' title='bbox 974 4139 1099 4196; x_wconf 87' lang='lat' dir='ltr'><strong>veraces,</strong></span> 
     </span>
    </p>
   </div>
   <div class='ocr_carea' id='block_1_37' title="bbox 835 4208 1279 4283">
    <p class='ocr_par' dir='ltr' id='par_1_40' title="bbox 835 4208 1279 4283">
     <span class='ocr_line' id='line_1_75' title="bbox 835 4208 1279 4283; baseline -0.005 -16"><span class='ocrx_word' id='word_1_276' title='bbox 835 4229 838 4236; x_wconf 63' lang='lat'><strong><em>¹</em></strong></span> <span class='ocrx_word' id='word_1_277' title='bbox 868 4209 966 4267; x_wconf 91' lang='lat' dir='ltr'><strong>muudi</strong></span> <span class='ocrx_word' id='word_1_278' title='bbox 988 4208 1115 4283; x_wconf 84' lang='lat' dir='ltr'><strong>nullique</strong></span> <span class='ocrx_word' id='word_1_279' title='bbox 1136 4213 1279 4279; x_wconf 89' lang='lat' dir='ltr'><strong>nocentes,</strong></span> 
     </span>
    </p>
   </div>
   <div class='ocr_carea' id='block_1_38' title="bbox 825 4294 1234 4355">
    <p class='ocr_par' dir='ltr' id='par_1_41' title="bbox 825 4294 1234 4355">
     <span class='ocr_line' id='line_1_76' title="bbox 825 4294 1234 4355; baseline -0.012 0"><span class='ocrx_word' id='word_1_280' title='bbox 825 4295 959 4355; x_wconf 86' lang='lat' dir='ltr'><strong>Gaudent</strong></span> <span class='ocrx_word' id='word_1_281' title='bbox 982 4310 1045 4353; x_wconf 92' lang='lat' dir='ltr'><strong>cum</strong></span> <span class='ocrx_word' id='word_1_282' title='bbox 1068 4294 1183 4354; x_wconf 88' lang='lat' dir='ltr'><strong>Christo</strong></span> <span class='ocrx_word' id='word_1_283' title='bbox 1204 4299 1234 4351; x_wconf 87' lang='lat' dir='ltr'><strong>et</strong></span> 
     </span>
    </p>
   </div>
   <div class='ocr_carea' id='block_1_39' title="bbox 867 4380 1169 4442">
    <p class='ocr_par' dir='ltr' id='par_1_42' title="bbox 867 4380 1169 4442">
     <span class='ocr_line' id='line_1_77' title="bbox 867 4380 1169 4442; baseline 0.013 -3"><span class='ocrx_word' id='word_1_284' title='bbox 867 4381 942 4440; x_wconf 85' lang='lat' dir='ltr'><strong>atria</strong></span> <span class='ocrx_word' id='word_1_285' title='bbox 963 4381 1041 4440; x_wconf 87' lang='lat' dir='ltr'><strong>celsa</strong></span> <span class='ocrx_word' id='word_1_286' title='bbox 1063 4380 1169 4442; x_wconf 88' lang='lat' dir='ltr'><strong>colunt.</strong></span> 
     </span>
    </p>
   </div>
   <div class='ocr_carea' id='block_1_40' title="bbox 0 0 1464 4868">
    <p class='ocr_par' dir='ltr' id='par_1_43' title="bbox 0 0 1464 4868">
     <span class='ocr_line' id='line_1_78' title="bbox 0 0 1464 4868; baseline 0 0"><span class='ocrx_word' id='word_1_287' title='bbox 0 0 1464 4868; x_wconf 95' lang='lat' dir='ltr'><strong> </strong></span> 
     </span>
    </p>
   </div>
  </div>
 </body>
</html>
