<?xml version="1.0" encoding="UTF-8"?>
<!DOCTYPE html PUBLIC "-//W3C//DTD XHTML 1.0 Transitional//EN"
    "http://www.w3.org/TR/xhtml1/DTD/xhtml1-transitional.dtd">
<html xmlns="http://www.w3.org/1999/xhtml" xml:lang="en" lang="en">
 <head>
  <title>
</title>
<meta http-equiv="Content-Type" content="text/html;charset=utf-8" />
  <meta name='ocr-system' content='tesseract 3.04.00' />
  <meta name='ocr-capabilities' content='ocr_page ocr_carea ocr_par ocr_line ocrx_word'/>
</head>
<body>
  <div class='ocr_page' id='page_1' title='image "./hymnodiahiberic00drevgoog_0503.png"; bbox 0 0 2918 4868; ppageno 0'>
   <div class='ocr_carea' id='block_1_1' title="bbox 608 224 842 290">
    <p class='ocr_par' dir='ltr' id='par_1_1' title="bbox 608 224 842 290">
     <span class='ocr_line' id='line_1_1' title="bbox 608 224 842 290; baseline -0.013 -19"><span class='ocrx_word' id='word_1_1' title='bbox 608 224 842 290; x_wconf 60' lang='lat'>..206-</span> 
     </span>
    </p>
   </div>
   <div class='ocr_carea' id='block_1_2' title="bbox 218 394 864 1277">
    <p class='ocr_par' dir='ltr' id='par_1_2' title="bbox 220 394 501 471">
     <span class='ocr_line' id='line_1_2' title="bbox 220 394 501 471; baseline 0 -14"><span class='ocrx_word' id='word_1_2' title='bbox 220 394 351 460; x_wconf 73' lang='lat' dir='ltr'><strong>Chorus:</strong></span> <span class='ocrx_word' id='word_1_3' title='bbox 400 398 501 471; x_wconf 83' lang='lat' dir='ltr'><strong>Amen,</strong></span> 
     </span>
    </p>

    <p class='ocr_par' dir='ltr' id='par_1_3' title="bbox 220 482 864 904">
     <span class='ocr_line' id='line_1_3' title="bbox 220 482 802 561; baseline 0.002 -20"><span class='ocrx_word' id='word_1_4' title='bbox 220 482 378 545; x_wconf 71' lang='lat' dir='ltr'><strong>cantores:</strong></span> <span class='ocrx_word' id='word_1_5' title='bbox 542 489 631 561; x_wconf 78' lang='lat' dir='ltr'><strong>Quem</strong></span> <span class='ocrx_word' id='word_1_6' title='bbox 653 486 802 558; x_wconf 80' lang='lat' dir='ltr'><strong>expulerat</strong></span> 
     </span>
     <span class='ocr_line' id='line_1_4' title="bbox 543 587 667 644; baseline -0.008 -15"><span class='ocrx_word' id='word_1_7' title='bbox 543 587 667 644; x_wconf 81' lang='lat' dir='ltr'><strong>propere</strong></span> 
     </span>
     <span class='ocr_line' id='line_1_5' title="bbox 542 655 864 716; baseline -0.006 -1"><span class='ocrx_word' id='word_1_8' title='bbox 542 657 597 716; x_wconf 86' lang='lat' dir='ltr'><strong>hoo</strong></span> <span class='ocrx_word' id='word_1_9' title='bbox 617 656 723 715; x_wconf 80' lang='lat' dir='ltr'><strong>innexo</strong></span> <span class='ocrx_word' id='word_1_10' title='bbox 746 655 864 715; x_wconf 82' lang='lat' dir='ltr'><strong>erimine</strong></span> 
     </span>
     <span class='ocr_line' id='line_1_6' title="bbox 541 742 797 816; baseline 0 -16"><span class='ocrx_word' id='word_1_11' title='bbox 541 742 669 816; x_wconf 78' lang='lat' dir='ltr'><strong>paradisi</strong></span> <span class='ocrx_word' id='word_1_12' title='bbox 691 742 797 801; x_wconf 86' lang='lat' dir='ltr'><strong>lamine</strong></span> 
     </span>
     <span class='ocr_line' id='line_1_7' title="bbox 541 827 749 904; baseline 0 -18"><span class='ocrx_word' id='word_1_13' title='bbox 541 834 627 900; x_wconf 84' lang='lat' dir='ltr'><strong>atque</strong></span> <span class='ocrx_word' id='word_1_14' title='bbox 648 827 749 904; x_wconf 84' lang='lat' dir='ltr'><strong>limite,</strong></span> 
     </span>
    </p>

    <p class='ocr_par' dir='ltr' id='par_1_4' title="bbox 219 943 503 1020">
     <span class='ocr_line' id='line_1_8' title="bbox 219 943 503 1020; baseline 0 -14"><span class='ocrx_word' id='word_1_15' title='bbox 219 943 349 1006; x_wconf 73' lang='lat' dir='ltr'><strong>choros:</strong></span> <span class='ocrx_word' id='word_1_16' title='bbox 400 950 503 1020; x_wconf 83' lang='lat' dir='ltr'><strong>Amen,</strong></span> 
     </span>
    </p>

    <p class='ocr_par' dir='ltr' id='par_1_5' title="bbox 219 1030 771 1108">
     <span class='ocr_line' id='line_1_9' title="bbox 219 1030 771 1108; baseline 0.002 -17"><span class='ocrx_word' id='word_1_17' title='bbox 219 1030 377 1092; x_wconf 68' lang='lat' dir='ltr'><strong>canores:</strong></span> <span class='ocrx_word' id='word_1_18' title='bbox 401 1033 485 1091; x_wconf 85' lang='lat' dir='ltr'><strong>Nono</strong></span> <span class='ocrx_word' id='word_1_19' title='bbox 508 1032 627 1107; x_wconf 80' lang='lat' dir='ltr'><strong>dignare</strong></span> <span class='ocrx_word' id='word_1_20' title='bbox 648 1033 771 1108; x_wconf 60' lang='lat' dir='ltr'><strong>savaro,</strong></span> 
     </span>
    </p>

    <p class='ocr_par' dir='ltr' id='par_1_6' title="bbox 218 1116 545 1191">
     <span class='ocr_line' id='line_1_10' title="bbox 218 1116 545 1191; baseline 0.003 -15"><span class='ocrx_word' id='word_1_21' title='bbox 218 1116 349 1177; x_wconf 66' lang='lat' dir='ltr'><strong>Chorsos:</strong></span> <span class='ocrx_word' id='word_1_22' title='bbox 399 1120 545 1191; x_wconf 73' lang='lat' dir='ltr'><strong>Hesperia,</strong></span> 
     </span>
    </p>

    <p class='ocr_par' dir='ltr' id='par_1_7' title="bbox 219 1200 761 1277">
     <span class='ocr_line' id='line_1_11' title="bbox 219 1200 761 1277; baseline -0.004 -14"><span class='ocrx_word' id='word_1_23' title='bbox 219 1200 379 1263; x_wconf 75' lang='lat' dir='ltr'><strong>Centoras:</strong></span> <span class='ocrx_word' id='word_1_24' title='bbox 401 1203 471 1262; x_wconf 86' lang='lat' dir='ltr'><strong>Jesu</strong></span> <span class='ocrx_word' id='word_1_25' title='bbox 493 1204 607 1263; x_wconf 81' lang='lat' dir='ltr'>Christe</span> <span class='ocrx_word' id='word_1_26' title='bbox 628 1220 761 1277; x_wconf 83' lang='lat' dir='ltr'><strong>soporae,</strong></span> 
     </span>
    </p>
   </div>
   <div class='ocr_carea' id='block_1_3' title="bbox 218 1287 585 1436">
    <p class='ocr_par' dir='ltr' id='par_1_8' title="bbox 218 1287 585 1436">
     <span class='ocr_line' id='line_1_12' title="bbox 218 1287 541 1362; baseline 0 -14"><span class='ocrx_word' id='word_1_27' title='bbox 218 1287 347 1349; x_wconf 63' lang='lat' dir='ltr'><strong>osores:</strong></span> <span class='ocrx_word' id='word_1_28' title='bbox 397 1289 541 1362; x_wconf 70' lang='lat' dir='ltr'><strong>Hosanaa</strong></span> 
     </span>
     <span class='ocr_line' id='line_1_13' title="bbox 220 1374 585 1436; baseline 0.008 -3"><span class='ocrx_word' id='word_1_29' title='bbox 220 1374 377 1435; x_wconf 80' lang='lat' dir='ltr'><strong>Gontores:</strong></span> <span class='ocrx_word' id='word_1_30' title='bbox 399 1376 432 1435; x_wconf 89' lang='lat' dir='ltr'><strong>In</strong></span> <span class='ocrx_word' id='word_1_31' title='bbox 455 1375 585 1436; x_wconf 77' lang='lat' dir='ltr'><strong>excelsis.</strong></span> 
     </span>
    </p>
   </div>
   <div class='ocr_carea' id='block_1_4' title="bbox 300 1647 1137 1722">
    <p class='ocr_par' dir='ltr' id='par_1_9' title="bbox 300 1647 1137 1722">
     <span class='ocr_line' id='line_1_14' title="bbox 300 1647 1137 1722; baseline -0.004 -16"><span class='ocrx_word' id='word_1_32' title='bbox 300 1650 428 1722; x_wconf 78' lang='lat' dir='ltr'><strong>Agnus</strong></span> <span class='ocrx_word' id='word_1_33' title='bbox 451 1648 651 1722; x_wconf 87' lang='lat' dir='ltr'><strong>Fulberti‚</strong></span> <span class='ocrx_word' id='word_1_34' title='bbox 674 1648 929 1709; x_wconf 81' lang='lat' dir='ltr'><strong>carnotensis</strong></span> <span class='ocrx_word' id='word_1_35' title='bbox 952 1647 1137 1720; x_wconf 86' lang='lat' dir='ltr'><strong>episcopi.</strong></span> 
     </span>
    </p>
   </div>
   <div class='ocr_carea' id='block_1_5' title="bbox 218 1817 1142 2140">
    <p class='ocr_par' dir='ltr' id='par_1_10' title="bbox 218 1817 584 1894">
     <span class='ocr_line' id='line_1_15' title="bbox 218 1817 584 1894; baseline -0.003 -18"><span class='ocrx_word' id='word_1_36' title='bbox 218 1817 378 1879; x_wconf 72' lang='lat' dir='ltr'><strong>Castores:</strong></span> <span class='ocrx_word' id='word_1_37' title='bbox 400 1823 499 1892; x_wconf 78' lang='lat' dir='ltr'><strong>Agnus</strong></span> <span class='ocrx_word' id='word_1_38' title='bbox 520 1820 584 1894; x_wconf 87' lang='lat' dir='ltr'><strong>Dei,</strong></span> 
     </span>
    </p>

    <p class='ocr_par' dir='ltr' id='par_1_11' title="bbox 218 1901 826 1980">
     <span class='ocr_line' id='line_1_16' title="bbox 218 1901 826 1980; baseline -0.002 -18"><span class='ocrx_word' id='word_1_39' title='bbox 218 1901 351 1964; x_wconf 70' lang='lat' dir='ltr'><strong>Chones:</strong></span> <span class='ocrx_word' id='word_1_40' title='bbox 401 1905 454 1978; x_wconf 73' lang='lat' dir='ltr'><strong>Qui</strong></span> <span class='ocrx_word' id='word_1_41' title='bbox 478 1904 554 1963; x_wconf 89' lang='lat' dir='ltr'><strong>tollis</strong></span> <span class='ocrx_word' id='word_1_42' title='bbox 577 1909 697 1979; x_wconf 78' lang='lat' dir='ltr'><strong>peccata</strong></span> <span class='ocrx_word' id='word_1_43' title='bbox 719 1903 826 1980; x_wconf 84' lang='lat' dir='ltr'><strong>mundi,</strong></span> 
     </span>
    </p>

    <p class='ocr_par' dir='ltr' id='par_1_12' title="bbox 218 1986 1142 2140">
     <span class='ocr_line' id='line_1_17' title="bbox 219 1986 1142 2063; baseline -0.002 -16"><span class='ocrx_word' id='word_1_44' title='bbox 219 1986 378 2049; x_wconf 74' lang='lat' dir='ltr'><strong>Corstores:</strong></span> <span class='ocrx_word' id='word_1_45' title='bbox 400 1990 453 2063; x_wconf 85' lang='lat' dir='ltr'><strong>Qui</strong></span> <span class='ocrx_word' id='word_1_46' title='bbox 477 1991 541 2063; x_wconf 88' lang='lat' dir='ltr'><strong>pius</strong></span> <span class='ocrx_word' id='word_1_47' title='bbox 563 2008 597 2048; x_wconf 86' lang='lat' dir='ltr'><strong>ao</strong></span> <span class='ocrx_word' id='word_1_48' title='bbox 619 1989 697 2048; x_wconf 86' lang='lat' dir='ltr'><strong>mitis</strong></span> <span class='ocrx_word' id='word_1_49' title='bbox 719 2006 760 2063; x_wconf 84' lang='lat' dir='ltr'><strong>es,</strong></span> <span class='ocrx_word' id='word_1_50' title='bbox 784 1990 908 2047; x_wconf 81' lang='lat' dir='ltr'><strong>clemens</strong></span> <span class='ocrx_word' id='word_1_51' title='bbox 931 1995 1017 2061; x_wconf 81' lang='lat' dir='ltr'><strong>atque</strong></span> <span class='ocrx_word' id='word_1_52' title='bbox 1037 1989 1142 2059; x_wconf 78' lang='lat' dir='ltr'><strong>suavis,</strong></span> 
     </span>
     <span class='ocr_line' id='line_1_18' title="bbox 218 2073 654 2140; baseline 0.005 -8"><span class='ocrx_word' id='word_1_53' title='bbox 218 2073 348 2134; x_wconf 75' lang='lat' dir='ltr'><strong>Cieros:</strong></span> <span class='ocrx_word' id='word_1_54' title='bbox 400 2075 539 2134; x_wconf 79' lang='lat' dir='ltr'><strong>Miserere</strong></span> <span class='ocrx_word' id='word_1_55' title='bbox 562 2076 654 2140; x_wconf 73' lang='lat' dir='ltr'><strong>nobis.</strong></span> 
     </span>
    </p>
   </div>
   <div class='ocr_carea' id='block_1_6' title="bbox 216 2276 1097 2594">
    <p class='ocr_par' dir='ltr' id='par_1_13' title="bbox 217 2276 581 2351">
     <span class='ocr_line' id='line_1_19' title="bbox 217 2276 581 2351; baseline -0.003 -15"><span class='ocrx_word' id='word_1_56' title='bbox 217 2276 374 2336; x_wconf 66' lang='lat' dir='ltr'><strong>Castores:</strong></span> <span class='ocrx_word' id='word_1_57' title='bbox 396 2284 495 2351; x_wconf 75' lang='lat' dir='ltr'><strong>Agnus</strong></span> <span class='ocrx_word' id='word_1_58' title='bbox 517 2278 581 2351; x_wconf 86' lang='lat' dir='ltr'><strong>Dei,</strong></span> 
     </span>
    </p>

    <p class='ocr_par' dir='ltr' id='par_1_14' title="bbox 217 2361 822 2438">
     <span class='ocr_line' id='line_1_20' title="bbox 217 2361 822 2438; baseline -0.002 -16"><span class='ocrx_word' id='word_1_59' title='bbox 217 2361 349 2423; x_wconf 81' lang='lat' dir='ltr'><strong>Chorus:</strong></span> <span class='ocrx_word' id='word_1_60' title='bbox 399 2364 453 2438; x_wconf 77' lang='lat' dir='ltr'><strong>Qui</strong></span> <span class='ocrx_word' id='word_1_61' title='bbox 477 2363 553 2422; x_wconf 87' lang='lat' dir='ltr'><strong>tollis</strong></span> <span class='ocrx_word' id='word_1_62' title='bbox 576 2370 695 2437; x_wconf 82' lang='lat' dir='ltr'><strong>peccata</strong></span> <span class='ocrx_word' id='word_1_63' title='bbox 715 2363 822 2433; x_wconf 83' lang='lat' dir='ltr'><strong>arandi,</strong></span> 
     </span>
    </p>

    <p class='ocr_par' dir='ltr' id='par_1_15' title="bbox 216 2447 1097 2594">
     <span class='ocr_line' id='line_1_21' title="bbox 216 2447 1097 2523; baseline -0.001 -16"><span class='ocrx_word' id='word_1_64' title='bbox 216 2447 373 2507; x_wconf 76' lang='lat' dir='ltr'><strong>Corstores:</strong></span> <span class='ocrx_word' id='word_1_65' title='bbox 396 2449 550 2523; x_wconf 78' lang='lat' dir='ltr'><strong>Angelious</strong></span> <span class='ocrx_word' id='word_1_66' title='bbox 572 2450 664 2523; x_wconf 88' lang='lat' dir='ltr'><strong>panis,</strong></span> <span class='ocrx_word' id='word_1_67' title='bbox 690 2455 851 2508; x_wconf 83' lang='lat' dir='ltr'><strong>sanctorum</strong></span> <span class='ocrx_word' id='word_1_68' title='bbox 875 2448 1097 2521; x_wconf 66' lang='lat' dir='ltr'><strong>vesperante,</strong></span> 
     </span>
     <span class='ocr_line' id='line_1_22' title="bbox 217 2530 649 2594; baseline 0.002 -1"><span class='ocrx_word' id='word_1_69' title='bbox 217 2530 346 2593; x_wconf 75' lang='lat' dir='ltr'><strong>Chorus:</strong></span> <span class='ocrx_word' id='word_1_70' title='bbox 395 2535 535 2593; x_wconf 86' lang='lat' dir='ltr'><strong>Miserere</strong></span> <span class='ocrx_word' id='word_1_71' title='bbox 558 2533 649 2594; x_wconf 88' lang='lat' dir='ltr'><strong>nobis.</strong></span> 
     </span>
    </p>
   </div>
   <div class='ocr_carea' id='block_1_7' title="bbox 215 2736 1089 3068">
    <p class='ocr_par' dir='ltr' id='par_1_16' title="bbox 216 2736 582 2813">
     <span class='ocr_line' id='line_1_23' title="bbox 216 2736 582 2813; baseline -0.003 -18"><span class='ocrx_word' id='word_1_72' title='bbox 216 2736 373 2796; x_wconf 69' lang='lat' dir='ltr'><strong>Curatores:</strong></span> <span class='ocrx_word' id='word_1_73' title='bbox 397 2738 496 2811; x_wconf 76' lang='lat' dir='ltr'><strong>agnus</strong></span> <span class='ocrx_word' id='word_1_74' title='bbox 518 2736 582 2813; x_wconf 85' lang='lat' dir='ltr'><strong>Dei,</strong></span> 
     </span>
    </p>

    <p class='ocr_par' dir='ltr' id='par_1_17' title="bbox 216 2821 818 2897">
     <span class='ocr_line' id='line_1_24' title="bbox 216 2821 818 2897; baseline 0 -17"><span class='ocrx_word' id='word_1_75' title='bbox 216 2821 349 2881; x_wconf 80' lang='lat' dir='ltr'><strong>Chorus:</strong></span> <span class='ocrx_word' id='word_1_76' title='bbox 395 2823 448 2894; x_wconf 81' lang='lat' dir='ltr'><strong>Qoi</strong></span> <span class='ocrx_word' id='word_1_77' title='bbox 472 2823 548 2880; x_wconf 85' lang='lat' dir='ltr'><strong>toliis</strong></span> <span class='ocrx_word' id='word_1_78' title='bbox 571 2829 689 2896; x_wconf 83' lang='lat' dir='ltr'><strong>peccata</strong></span> <span class='ocrx_word' id='word_1_79' title='bbox 711 2824 818 2897; x_wconf 86' lang='lat' dir='ltr'><strong>mundi,</strong></span> 
     </span>
    </p>

    <p class='ocr_par' dir='ltr' id='par_1_18' title="bbox 215 2908 1089 3068">
     <span class='ocr_line' id='line_1_25' title="bbox 216 2908 1089 2983; baseline 0 -17"><span class='ocrx_word' id='word_1_80' title='bbox 216 2908 375 2967; x_wconf 72' lang='lat' dir='ltr'><strong>Coretores:</strong></span> <span class='ocrx_word' id='word_1_81' title='bbox 397 2909 504 2980; x_wconf 83' lang='lat' dir='ltr'><strong>Calpas</strong></span> <span class='ocrx_word' id='word_1_82' title='bbox 525 2908 651 2983; x_wconf 81' lang='lat' dir='ltr'><strong>indulge,</strong></span> <span class='ocrx_word' id='word_1_83' title='bbox 676 2908 811 2968; x_wconf 86' lang='lat' dir='ltr'><strong>virtutum</strong></span> <span class='ocrx_word' id='word_1_84' title='bbox 834 2926 952 2969; x_wconf 87' lang='lat' dir='ltr'><strong>munera</strong></span> <span class='ocrx_word' id='word_1_85' title='bbox 973 2908 1089 2982; x_wconf 86' lang='lat' dir='ltr'><strong>praebe,</strong></span> 
     </span>
     <span class='ocr_line' id='line_1_26' title="bbox 215 2991 714 3068; baseline 0.01 -17"><span class='ocrx_word' id='word_1_86' title='bbox 215 2991 344 3053; x_wconf 72' lang='lat' dir='ltr'><strong>Chorus:</strong></span> <span class='ocrx_word' id='word_1_87' title='bbox 395 2993 479 3057; x_wconf 81' lang='lat' dir='ltr'><strong>Dona</strong></span> <span class='ocrx_word' id='word_1_88' title='bbox 500 2994 582 3053; x_wconf 88' lang='lat' dir='ltr'><strong>nobis</strong></span> <span class='ocrx_word' id='word_1_89' title='bbox 604 3010 714 3068; x_wconf 85' lang='lat' dir='ltr'><strong>paoem.</strong></span> 
     </span>
    </p>
   </div>
   <div class='ocr_carea' id='block_1_8' title="bbox 207 3266 1225 3430">
    <p class='ocr_par' dir='ltr' id='par_1_19' title="bbox 207 3266 1225 3430">
     <span class='ocr_line' id='line_1_27' title="bbox 207 3266 1225 3346; baseline 0 -21"><span class='ocrx_word' id='word_1_90' title='bbox 207 3266 487 3326; x_wconf 82' lang='lat' dir='ltr'><strong>Beuedioamus</strong></span> <span class='ocrx_word' id='word_1_91' title='bbox 509 3268 639 3326; x_wconf 83' lang='lat' dir='ltr'><strong>sancti</strong></span> <span class='ocrx_word' id='word_1_92' title='bbox 661 3267 817 3346; x_wconf 78' lang='lat' dir='ltr'><strong>iacobi,</strong></span> <span class='ocrx_word' id='word_1_93' title='bbox 841 3286 859 3327; x_wconf 88' lang='lat' dir='ltr'><strong>a</strong></span> <span class='ocrx_word' id='word_1_94' title='bbox 880 3269 1042 3342; x_wconf 87' lang='lat' dir='ltr'><strong>quodam</strong></span> <span class='ocrx_word' id='word_1_95' title='bbox 1064 3269 1225 3327; x_wconf 82' lang='lat' dir='ltr'><strong>doctore</strong></span> 
     </span>
     <span class='ocr_line' id='line_1_28' title="bbox 501 3370 934 3430; baseline 0 -3"><span class='ocrx_word' id='word_1_96' title='bbox 501 3370 759 3430; x_wconf 83' lang='lat' dir='ltr'><strong>Gallaeciano</strong></span> <span class='ocrx_word' id='word_1_97' title='bbox 782 3372 934 3430; x_wconf 86' lang='lat' dir='ltr'><strong>editum.</strong></span> 
     </span>
    </p>
   </div>
   <div class='ocr_carea' id='block_1_9' title="bbox 484 3524 893 3842">
    <p class='ocr_par' dir='ltr' id='par_1_20' title="bbox 484 3524 893 3842">
     <span class='ocr_line' id='line_1_29' title="bbox 485 3524 843 3599; baseline 0 -16"><span class='ocrx_word' id='word_1_98' title='bbox 485 3524 558 3597; x_wconf 74' lang='lat' dir='ltr'><strong>Regi</strong></span> <span class='ocrx_word' id='word_1_99' title='bbox 581 3524 715 3597; x_wconf 87' lang='lat' dir='ltr'><strong>perennis</strong></span> <span class='ocrx_word' id='word_1_100' title='bbox 734 3524 843 3599; x_wconf 83' lang='lat' dir='ltr'><strong>gloriae</strong></span> 
     </span>
     <span class='ocr_line' id='line_1_30' title="bbox 486 3606 849 3681; baseline 0.006 -14"><span class='ocrx_word' id='word_1_101' title='bbox 486 3607 530 3667; x_wconf 88' lang='lat' dir='ltr'><strong>Sit</strong></span> <span class='ocrx_word' id='word_1_102' title='bbox 552 3609 692 3668; x_wconf 82' lang='lat' dir='ltr'><strong>canticum</strong></span> <span class='ocrx_word' id='word_1_103' title='bbox 713 3606 849 3681; x_wconf 81' lang='lat' dir='ltr'><strong>loetitiae,</strong></span> 
     </span>
     <span class='ocr_line' id='line_1_31' title="bbox 484 3693 893 3769; baseline 0.012 -19"><span class='ocrx_word' id='word_1_104' title='bbox 484 3693 538 3765; x_wconf 77' lang='lat' dir='ltr'><strong>Qui</strong></span> <span class='ocrx_word' id='word_1_105' title='bbox 561 3695 733 3769; x_wconf 86' lang='lat' dir='ltr'><strong>triumphum</strong></span> <span class='ocrx_word' id='word_1_106' title='bbox 756 3695 893 3755; x_wconf 82' lang='lat' dir='ltr'><strong>victoriae</strong></span> 
     </span>
     <span class='ocr_line' id='line_1_32' title="bbox 484 3780 814 3842; baseline 0 0"><span class='ocrx_word' id='word_1_107' title='bbox 484 3780 592 3842; x_wconf 84' lang='lat' dir='ltr'><strong>Jacobo</strong></span> <span class='ocrx_word' id='word_1_108' title='bbox 616 3780 698 3840; x_wconf 85' lang='lat' dir='ltr'><strong>dedit</strong></span> <span class='ocrx_word' id='word_1_109' title='bbox 720 3780 814 3842; x_wconf 82' lang='lat' dir='ltr'><strong>hodio.</strong></span> 
     </span>
    </p>
   </div>
   <div class='ocr_carea' id='block_1_10' title="bbox 483 3985 894 4305">
    <p class='ocr_par' dir='ltr' id='par_1_21' title="bbox 483 3985 894 4305">
     <span class='ocr_line' id='line_1_33' title="bbox 484 3985 830 4060; baseline 0 -14"><span class='ocrx_word' id='word_1_110' title='bbox 484 3986 639 4046; x_wconf 84' lang='lat' dir='ltr'><strong>Decoravit</strong></span> <span class='ocrx_word' id='word_1_111' title='bbox 661 3985 830 4060; x_wconf 74' lang='lat' dir='ltr'><strong>Hispaniam</strong></span> 
     </span>
     <span class='ocr_line' id='line_1_34' title="bbox 483 4071 839 4145; baseline 0.003 -14"><span class='ocrx_word' id='word_1_112' title='bbox 483 4072 639 4145; x_wconf 76' lang='lat' dir='ltr'><strong>Apostolus</strong></span> <span class='ocrx_word' id='word_1_113' title='bbox 663 4071 839 4145; x_wconf 78' lang='lat' dir='ltr'><strong>provintiam</strong></span> 
     </span>
     <span class='ocr_line' id='line_1_35' title="bbox 483 4157 894 4233; baseline -0.002 -17"><span class='ocrx_word' id='word_1_114' title='bbox 483 4159 624 4232; x_wconf 86' lang='lat' dir='ltr'><strong>illamque</strong></span> <span class='ocrx_word' id='word_1_115' title='bbox 644 4163 756 4233; x_wconf 82' lang='lat' dir='ltr'><strong>gentem</strong></span> <span class='ocrx_word' id='word_1_116' title='bbox 778 4157 894 4231; x_wconf 79' lang='lat' dir='ltr'><strong>impiam</strong></span> 
     </span>
     <span class='ocr_line' id='line_1_36' title="bbox 483 4242 862 4305; baseline 0.005 -2"><span class='ocrx_word' id='word_1_117' title='bbox 483 4244 591 4304; x_wconf 83' lang='lat' dir='ltr'><strong>Christi</strong></span> <span class='ocrx_word' id='word_1_118' title='bbox 613 4242 683 4302; x_wconf 84' lang='lat' dir='ltr'><strong>feeit</strong></span> <span class='ocrx_word' id='word_1_119' title='bbox 704 4243 862 4305; x_wconf 80' lang='lat' dir='ltr'><strong>ecelesiam.</strong></span> 
     </span>
    </p>
   </div>
   <div class='ocr_carea' id='block_1_11' title="bbox 0 0 1464 4868">
    <p class='ocr_par' dir='ltr' id='par_1_22' title="bbox 0 0 1464 4868">
     <span class='ocr_line' id='line_1_37' title="bbox 0 0 1464 4868; baseline 0 2"><span class='ocrx_word' id='word_1_120' title='bbox 0 0 1464 4868; x_wconf 95' lang='lat' dir='ltr'><strong> </strong></span> 
     </span>
    </p>
   </div>
  </div>
 </body>
</html>
