2918 4868
175 426 203 484 4.
228 424 404 498 Angelorum
425 424 540 497 sociam,

267 510 412 583 Virginem
433 511 591 587 laudemus,

229 595 268 655 Ut
291 612 344 667 per
364 595 456 669 ipsam
477 597 598 669 gratiam

266 682 375 742 Christi
397 688 584 754 reportemus.

181 788 209 844 5.
235 783 331 856 Virgo,
355 782 438 842 tortis
460 785 599 863 agonista,

268 870 291 928 0
315 867 384 928 ielix
407 869 548 946 Euiemia,

229 954 298 1027 Fac,
322 962 354 1013 ut
376 962 468 1013 tecum
492 962 591 1029 regnet
614 956 670 1014 ista

265 1041 377 1100 Devota
399 1039 517 1103 familia.

332 1176 373 1226 Ad
391 1176 557 1226 Benedictus.

163 1279 199 1342 A.
224 1279 338 1353 Martyr
360 1278 502 1354 Euiemia,

266 1365 406 1427 Candoris
429 1365 529 1437 lilium,

229 1451 315 1510 Clara
337 1451 458 1509 victoria

265 1536 398 1595 Tendens
420 1536 458 1594 nd
481 1536 620 1615 bravium,

725 249 850 313 80-

844 423 961 483 Transit
983 424 1019 481 ad
1042 422 1147 495 gaudia

881 511 951 570 Post
972 524 1076 566 cursus
1097 508 1233 579 stadium,

843 595 933 653 Serva
955 593 1081 667 propitia

883 681 1007 739 Chorum
1030 678 1217 740 laudantium.

901 887 942 944 ln
965 889 993 946 2.
1017 883 1213 958 vesperis.

950 1003 991 1053 nu
1008 1001 1169 1068 uagantem„

779 1110 816 1171 A.
841 1109 928 1181 Virgo
949 1114 1060 1181 martyr
1083 1104 1225 1179 Rutenis,

880 1194 976 1252 Decus
998 1200 1027 1251 et
1048 1193 1139 1252 honor
1161 1191 1314 1267 virginum,

843 1281 900 1340 Pro
924 1279 1027 1338 devota
1048 1276 1158 1337 familia

881 1364 1009 1437 Supplex
1031 1380 1119 1423 exora
1140 1362 1305 1432 Dominum,

843 1450 883 1510 Ut
905 1450 943 1508 sit
966 1457 1058 1508 tecum
1081 1450 1110 1507 in
1132 1448 1225 1524 gloria

882 1536 952 1595 Post
974 1536 1057 1608 hujus
1081 1534 1156 1594 vitae
1177 1535 1347 1597 terminum.

231 1654 306 1703 Brev.
332 1671 378 1702 ms.
404 1654 534 1704 (lculense
557 1671 626 1705 saec.
647 1652 685 1705 15.
714 1653 970 1706 constannens
994 1649 1052 1703 174.
1076 1653 1160 1702 —In
1186 1648 1209 1701 l.
1227 1651 1305 1702 Noet.
1326 1649 1350 1702 Α

162 1717 192 1782 2,
217 1718 234 1770 2
257 1721 361 1772 novella
385 1721 456 1772 fehlt.
474 1750 509 1759 -
527 1719 548 1770 Α
566 1720 596 1786 2,
622 1721 696 1773 AAd
715 1723 765 1774 tide
782 1723 854 1773 vella
872 1723 920 1770 lla.
938 1748 972 1757 —
991 1716 1011 1770 Β
1032 1720 1058 1780 l,
1085 1718 1222 1771 ticadens
1241 1722 1292 1771 Hs.
1313 1747 1346 1755 -

164 1783 184 1837 Β
203 1786 232 1849 2,
250 1787 267 1838 5
286 1790 362 1855 Pugil
381 1796 433 1841 stat
452 1791 532 1841 solita
550 1792 598 1842 Hs.
618 1822 648 1828 -
668 1794 698 1842 ln
718 1789 743 1841 2.
762 1791 837 1842 Noct.
857 1784 877 1838 Β
898 1787 926 1848 l,
946 1787 962 1839 6
980 1794 1108 1855 cogeretur
1124 1790 1173 1839 Hs.
1191 1814 1225 1822 —
1244 1783 1264 1837 Β
1283 1786 1308 1851 3,
1329 1787 1349 1841 3

163 1873 215 1923 quo
240 1857 306 1908 fehlt
324 1860 372 1908 Hs.
396 1886 426 1893 -
445 1861 496 1909 Die
514 1860 684 1910 Handnehrift
707 1860 809 1911 anthilt
832 1874 882 1908 nur
899 1857 943 1908 die
962 1859 1081 1923 dultinge
1100 1857 1146 1907 der
1163 1857 1346 1923 augalrdrigeu

162 1926 293 1991 Hymuen,
312 1927 345 1977 ad
363 1929 442 1994 Vesp.
461 1935 488 1978 st
507 1929 623 1979 Laudes:
648 1931 808 1980 Laetetur
825 1926 913 1978 coeli
935 1929 1040 1987 euria3
1065 1925 1098 1976 ad
1116 1927 1208 1976 Noct:
1231 1926 1349 1978 Gauda

162 1999 270 2045 mater
287 1996 444 2047 eeclesia.

563 2168 605 2223 27.
642 2166 680 2223 De
697 2165 794 2221 sancto
811 2158 945 2234 lingonis.

286 2290 326 2348 ln
350 2293 376 2352 1.
402 2293 597 2365 Vesperis.

328 2436 413 2502 Super
430 2437 558 2487 Psalmos.

161 2565 197 2623 A.
221 2564 361 2639 Egregius
383 2567 537 2641 Eugenius,

224 2649 315 2708 Fidus
338 2652 438 2710 Toleto
461 2654 585 2729 nuntius,

225 2735 368 2794 Christum
391 2739 571 2809 praedicavit
592 2738 710 2811 primus

162 2836 196 2895 It.
222 2837 400 2896 Venerabilis
422 2840 575 2913 Eugenium

224 2923 356 2994 Dionysii
379 2924 545 2999 discipulus,

222 3008 332 3067 Ductus
354 3027 450 3068 amore
473 3011 580 3071 Christi

225 3094 340 3153 Coelunr
364 3097 486 3154 tradidit
508 3098 578 3157 ensi.

162 3177 195 3235 V.
223 3179 283 3237 Hic
308 3186 350 3241 est
370 3198 434 3240 acre
452 3188 575 3257 martyr,
598 3184 648 3255 gui
665 3201 723 3256 pro

225 3260 334 3324 Christi
381 3269 499 3327 rromioe
548 3269 724 3344 sanguinem

223 3366 310 3408 suum
332 3353 419 3426 fredit.

332 3522 371 3571 nu
391 3522 552 3586 inmineat.

162 3633 196 3692 A.
224 3634 248 3692 0
267 3634 387 3707 Eugeni.
411 3637 546 3693 sacerdos
569 3636 677 3708 inclite,

225 3719 273 3777 Ad
296 3720 415 3778 tutelam
438 3722 539 3779 Toleto
561 3721 677 3800 tradite,

226 3805 366 3863 Eruditae
388 3823 488 3864 norma
512 3807 596 3882 vitae,

224 3890 351 3949 Subveni
373 3890 503 3965 gentibus

223 3975 408 4049 Supplicihus

223 4061 264 4119 'le
286 4061 494 4133 invocantibus,

224 4147 305 4205 Dura
327 4148 384 4204 leni
407 4163 492 4219 prece
515 4149 581 4220 leni,

223 4233 269 4291 Da
291 4248 366 4290 nunc
386 4232 525 4305 tristibus,

224 4319 265 4379 Ut
286 4318 376 4391 gavisi
398 4319 526 4390 paradisi

227 4403 378 4464 Socientur
399 4403 518 4468 civibus.

898 2288 953 2347 Ad
975 2287 1214 2346 Matutiuum.

961 2389 1154 2439 Invitatorium.

837 2476 999 2535 Adoremus
1022 2475 1167 2535 Christum
1189 2490 1295 2548 regem,

838 2562 892 2633 Qui
914 2577 967 2634 per
989 2565 1117 2619 sanctum
1140 2560 1300 2633 Eugenium

839 2647 970 2707 Toletum
993 2646 1031 2704 ad
1053 2662 1133 2705 suam
1155 2646 1246 2720 legem

839 2734 865 2790 A
888 2733 945 2790 ritu
968 2731 1057 2790 traxit
1078 2732 1213 2805 gentium.

890 2869 932 2926 ln
956 2866 1219 2935 nuectario.

968 2969 1144 3035 Antiphouae.

785 3058 813 3117 1.
838 3056 969 3116 Toletum
992 3056 1022 3115 in
1043 3056 1185 3130 Hispania

839 3142 970 3201 Perlatae
994 3139 1087 3201 lamae
1109 3140 1203 3215 gratia

877 3228 984 3286 Merito
1007 3226 1216 3301 praepollebat.

785 3333 813 3390 2.
837 3329 911 3400 Heu,
935 3335 993 3387 tam
1017 3331 1096 3388 clara
1118 3329 1296 3404 metropolis,

838 3415 900 3486 Quo
922 3415 1027 3473 celsior
1049 3421 1106 3474 tam
1130 3415 1248 3487 pronior

840 3499 952 3559 Cultum
975 3497 1093 3559 fovebat
1114 3499 1210 3561 idolis.

787 3605 815 3664 3.
839 3603 923 3661 Hane
946 3602 1077 3664 Christus
1099 3602 1237 3661 miserans

839 3689 890 3747 Pio
911 3687 1058 3760 praesidio

837 3773 936 3832 Foede
958 3775 1079 3833 servitio

837 3859 953 3918 Exemit
975 3875 1142 3932 properans.

964 3979 1149 4043 ldeaponsoria.

788 4065 815 4128 1.
839 4065 1010 4138 Apostolatu
1033 4064 1146 4124 Gallius

838 4151 980 4223 Suscepto
1002 4150 1168 4224 Dionysius,

843 4237 897 4295 Vir
916 4236 1043 4308 prudens
1066 4243 1094 4293 et
1114 4237 1253 4310 egregius,

840 4322 960 4381 Tractos
984 4322 1020 4381 de
1042 4321 1105 4379 sinu
1129 4321 1270 4381 Graeciae

878 4406 1042 4480 Discipulos
