2918 4868
643 277 877 342 ...283-

408 453 437 510 4.
462 449 555 508 Corde
579 455 727 510 cantantes
748 465 915 509 veneremur
936 450 987 507 alti

459 536 593 594 Aetheris
615 542 726 609 patrem
750 536 834 594 simul
857 541 942 609 atque
965 540 1071 604 natum,

463 621 578 680 Gratias
601 622 700 680 demus
722 622 832 694 pariter
852 622 977 680 colentes

503 710 629 767 Pnenma
651 714 804 770 sacratum.

230 822 305 872 Brev.
325 822 597 889 Caesaraugustanum
615 828 677 891 imp.
696 827 921 890 Caesaraugustae
941 822 1014 874 1527.
1034 826 1063 874 Α.
1083 854 1112 862 -
1134 825 1209 874 Brev.
1228 825 1336 874 Caesar-

160 897 334 955 augustanum
353 895 415 958 imp.
434 893 659 959 Caesaraugustae
680 891 751 944 1544.
770 895 807 942 Β.

515 1095 577 1152 497.
609 1095 639 1152 ln
658 1092 749 1152 Nestis
766 1094 977 1153 continentium.

647 1218 690 1273 nd
707 1218 847 1288 vesperas.

164 1340 190 1400 1.
210 1343 295 1401 Jesus
321 1343 357 1400 ab
379 1357 429 1400 ore
450 1343 574 1401 omnium
772 1347 801 1405 3.
825 1344 909 1402 Hane
935 1359 1047 1402 oremus
1068 1344 1247 1417 suppliciter,

213 1426 398 1486 Collandetur
418 1426 554 1500 fidelium,
826 1431 866 1491 Ut
891 1446 943 1488 nos
962 1430 1045 1501 iuvet
1064 1428 1229 1504 salubriter,

211 1512 264 1582 Qui
289 1511 355 1570 iecit
377 1518 499 1571 mentem
522 1511 645 1573 feminae
826 1515 869 1573 Ne
893 1515 1060 1574 damnemur
1082 1531 1145 1573 oum
1167 1515 1262 1588 impiis

213 1599 395 1658 Constantem
417 1599 446 1656 in
470 1600 633 1660 certamine.
825 1603 857 1660 ln
881 1601 1006 1660 adventu
1026 1602 1085 1672 Jam
1105 1601 1221 1672 judicis.

160 1701 189 1760 2.
213 1700 372 1760 Honoravit
394 1701 539 1760 miraculis
772 1707 801 1763 4.
826 1703 954 1774 Praesta,
976 1709 1060 1777 pater
1081 1703 1215 1776 ingenite,

211 1785 293 1861 Eam,
316 1804 381 1845 nam
403 1805 420 1846 a
442 1788 578 1860 perieulis
823 1790 893 1848 Jesu
916 1805 979 1846 cum
1000 1795 1099 1847 sancto
1121 1795 1282 1862 pneumate,

212 1871 320 1929 Multos
341 1873 464 1931 salvavit
486 1873 625 1932 Dominus
823 1873 863 1933 Ut
884 1874 946 1945 ejus
966 1876 1073 1933 sanctis
1095 1875 1204 1932 meritis

213 1957 304 2029 Hujus
327 1956 428 2017 beatae
449 1959 593 2031 precibus.
824 1958 901 2017 Coeli
925 1957 1054 2018 fmamnr
1076 1960 1197 2032 gaudiis.

226 2076 302 2125 Brev.
328 2092 375 2125 ms.
395 2077 552 2127 Zamoreuse
575 2092 644 2127 saec.
668 2074 707 2127 15.
726 2076 788 2127 Cod.
810 2077 894 2143 Capit.
913 2078 1040 2127 Zumoren
1062 2093 1084 2126 s.
1107 2094 1133 2126 n.
1152 2077 1182 2126 Α.
1204 2106 1237 2114 -
1257 2079 1332 2128 Brev.

160 2143 399 2209 Compoetellenum
423 2147 484 2210 imp.
504 2145 660 2210 Ulisiponae
684 2142 757 2196 1497.
777 2148 806 2197 B.
826 2171 859 2179 -
878 2148 954 2196 Brev,
969 2146 1151 2196 Placentinum
1170 2147 1231 2211 imp.
1249 2149 1333 2197 Vene-

158 2215 203 2330 9
225 2210 344 2331 iiil-
364 2214 490 2331 utu·
509 2214 882 2333 9999999919
906 2211 1334 2334 ¹⁵io·¹’t··..¹³sa⁶to¹¹o

157 2297 252 2399 {lagobi
270 2298 305 2398 dg
320 2350 402 2415 Spata
420 2319 617 2418 tapsnegione
637 2319 710 2404 1532.
727 2351 759 2402 C.
777 2380 809 2388 —
828 2300 908 2401 Erae..
920 2317 1057 2402 Cieaense
1069 2353 1130 2416 imp.
1152 2318 1227 2400 15⁸3.
1246 2319 1331 2401 Η..-

159 2419 233 2468 Brev.
259 2419 441 2468 Placentinum
465 2421 525 2483 imp.
546 2421 665 2470 Venetiie
690 2417 763 2472 1554.
788 2421 810 2470 Ι.
834 2447 865 2456 -
884 2422 963 2475 Brea.
982 2421 1144 2471 Civitatenae
1168 2422 1229 2486 imp.
1257 2417 1330 2470 1555.

156 2487 188 2535 K.
208 2514 239 2519 -
259 2483 282 2545 3,
300 2485 318 2536 4
331 2487 387 2551 jam
406 2487 470 2538 tebit
488 2487 515 2537 C.

511 2689 573 2746 498.
601 2688 632 2746 ln
651 2688 741 2746 laos
759 2685 971 2746 continentium.

625 2808 668 2863 nd
685 2808 856 2864 Noctnmum.

158 2937 185 2995 1.
210 2936 243 2993 ln
266 2935 349 3007 hujus
373 2949 446 2992 nune
468 2935 621 3007 praeconia
768 2937 797 2995 2.
822 2935 845 2993 0
866 2939 966 2991 sancta
987 2933 1042 2992 Dei
1066 2931 1180 3009 famula,

209 3021 347 3094 Linguam
370 3021 462 3078 solvat
484 3020 614 3092 ecclesie,
819 3023 898 3093 Quae
920 3035 1022 3092 regnas
1045 3033 1097 3091 per
1119 3019 1233 3078 saecula

208 3107 317 3165 Novam
340 3104 500 3179 praeconiis
523 3105 643 3177 gloriam
820 3105 908 3177 Apud
931 3120 994 3162 eum
1016 3106 1126 3162 veniam

209 3193 324 3250 Promat
346 3189 488 3263 sperando
509 3191 629 3251 veniam.
820 3189 911 3248 Nobis
934 3206 1035 3263 poscas
1057 3197 1086 3247 et
1108 3191 1235 3263 gloriam.

511 3295 540 3352 3.
564 3294 692 3364 Praesta,
715 3299 799 3366 pater
821 3292 947 3364 piissime

560 3377 696 3450 Patrique
718 3392 834 3450 compar
855 3378 948 3454 unice,

560 3463 630 3523 Cum
651 3462 757 3536 spiritu
777 3463 917 3536 paraclito

559 3550 692 3622 Regnans
713 3564 765 3622 per
787 3565 869 3607 omne
891 3548 1044 3609 saeculnm.

220 3668 295 3719 Rrec.
314 3669 475 3719 Civitatense
493 3670 555 3732 imp.
576 3665 647 3718 1555.

514 3869 575 3925 499.
602 3868 631 3925 ln
651 3866 739 3925 lestis
757 3866 969 3925 continentium.

648 3991 690 4045 Ad
708 3990 821 4046 Laudes.

152 4121 180 4179 1.
204 4120 256 4178 Pia
276 4126 368 4177 mater
391 4123 419 4175 et
442 4117 566 4188 humilis,
763 4119 792 4180 2.
815 4117 857 4174 Te
878 4115 1066 4188 deprecamur
1088 4116 1203 4190 largius,

203 4205 330 4262 Naturae
352 4219 460 4261 memor
483 4201 602 4278 fragilis,
816 4201 929 4259 Nostris
951 4202 1062 4275 adauge
1084 4201 1213 4259 sensibus

203 4291 237 4349 ln
259 4291 341 4362 hujus
364 4291 440 4348 vitae
463 4286 595 4346 fluetibus
818 4283 937 4345 Nescire
960 4303 1079 4360 prorsus
1101 4286 1196 4345 omnia

204 4375 263 4433 Nos
286 4391 352 4448 rege
374 4375 429 4432 tnis
452 4373 594 4447 precibus.
818 4372 1016 4445 Corruptionis
1039 4372 1165 4433 vulnera.
