2918 4868
621 286 851 352 —142-

148 461 177 522 5.
201 462 235 520 ln
258 461 345 520 armis
368 459 405 519 fis
428 460 582 535 potentior,
761 463 790 524 7.
814 463 837 522 0
860 467 968 535 sancte,
992 462 1033 520 sis
1055 462 1204 521 exordium

200 547 276 606 Dum
299 547 407 606 Christi
428 546 628 621 gubernaculis
815 547 930 624 Salutis,
954 549 1064 608 donans
1086 564 1213 624 munera,

199 633 314 709 Potius,
338 638 371 691 tu
393 632 540 691 decentior
815 633 993 707 virtutisque
1015 633 1213 706 primordium,

197 718 375 778 Corruscaus
398 725 426 776 et
448 718 601 777 miraculis.
815 719 939 779 Servans
961 737 979 779 a
1001 719 1074 778 diris
1096 716 1204 778 funera.

147 840 176 897 6.
199 839 337 897 Verorum
361 844 445 911 pater
466 839 597 910 militum,
763 843 792 902 8.
816 839 916 898 Gloria
937 839 999 912 tibi,
1023 839 1147 911 trinitas,

203 923 263 982 Nos
285 923 323 982 ad
346 924 482 982 tuendum
502 941 635 1001 propera,
816 925 882 985 Una
904 925 984 997 cnjus
1006 925 1130 983 essentia

201 1008 262 1068 Fac
282 1015 464 1082 peccatorum
488 1009 607 1068 divitum
816 1011 972 1084 Manetque
993 1010 1185 1084 personalitas

201 1093 355 1168 Nunquam
376 1111 529 1168 sequamur
550 1111 648 1167 opera.
814 1096 848 1154 lu
868 1096 944 1155 trina
967 1095 1161 1158 subsistentia.

215 1232 293 1281 Brev.
311 1231 423 1281 Vieense
441 1232 505 1296 imp.
521 1230 645 1296 Lugduni
666 1227 738 1281 1557.

533 1495 593 1553 233.
630 1496 669 1554 bs
687 1498 783 1554 sancto
802 1497 930 1571 dumgio.

648 1653 691 1708 Ad
709 1653 824 1708 Laudes.

145 1814 175 1874 1.
200 1812 224 1871 0
247 1811 355 1871 Christi
377 1812 469 1890 miles,
491 1810 613 1870 fortibus
761 1817 790 1874 3.
818 1813 923 1871 Beatus
948 1810 1002 1870 luit
1027 1811 1119 1870 exitus

200 1898 424 1970 Praeponendus
447 1912 482 1956 ex
505 1896 602 1957 debito
814 1898 870 1956 Tui
891 1897 998 1957 sacrati
1020 1898 1158 1971 corporis,

201 1983 319 2044 Cunctis
341 1983 420 2042 orbis
441 1983 590 2059 militibus,
817 1984 931 2045 Christo
954 1981 1034 2041 fuisti
1058 1982 1173 2042 deditus

198 2071 274 2143 Quos
295 2069 448 2142 praecellis
470 2085 506 2129 ex
528 2069 639 2127 merito.
816 2071 922 2128 Amore
944 2069 1036 2127 sancti
1058 2070 1193 2141 pectoris.

148 2191 177 2253 2.
202 2190 365 2262 Sequuntur
386 2194 415 2247 te
435 2189 597 2263 benigniter
761 2190 847 2250 4.1n
872 2189 1014 2246 coelorum
1037 2187 1147 2246 laetitia

200 2276 339 2348 Optautes
361 2273 419 2333 lrui
442 2275 572 2351 termino,
815 2274 972 2333 collocaris
995 2273 1169 2348 perenniter,

200 2362 233 2420 In
257 2366 286 2417 te
307 2358 429 2418 fidentes
449 2361 565 2437 jugiter,
814 2358 888 2418 Nam
911 2359 995 2431 huJus
1018 2359 1106 2416 cosmi
1129 2359 1199 2418 vitia

199 2446 272 2504 Nam
296 2446 438 2504 servivisti
462 2446 592 2505 Domino.
813 2444 962 2519 Superasti
985 2443 1117 2503 viriliter.

502 2571 530 2625 5.
551 2565 595 2624 Sit
617 2563 679 2622 Deo
701 2565 763 2623 laus
786 2571 814 2622 et
836 2564 935 2641 gloria,

553 2651 586 2708 ln
609 2666 664 2724 qno
686 2649 834 2710 confidunt
856 2650 970 2728 milites,

554 2735 594 2794 Ut
616 2736 759 2794 laetentur
780 2735 901 2795 victoria

552 2822 694 2894 Coeloque
716 2821 788 2879 fiant
810 2821 922 2883 divites.

214 2956 291 3006 Brev.
309 2957 422 3007 Vicense
442 2958 503 3023 imp.
521 2955 645 3021 Lugduni
666 2951 739 3006 1557.

537 3225 599 3283 234.
634 3226 673 3284 bu
691 3229 788 3283 sancto
806 3226 932 3284 deraldo.

631 3381 672 3435 Ad
691 3382 830 3451 Vesperas.

144 3543 171 3601 1.
195 3541 289 3599 Adest
311 3541 372 3598 dies
395 3541 530 3616 laetitiae,
759 3542 787 3601 3.
809 3539 964 3601 Conlomor
986 3540 1040 3597 Dei
1062 3540 1187 3610 inclitus,

196 3628 229 3683 ln
252 3643 307 3699 quo
329 3626 471 3684 Geraldus
494 3627 580 3683 hodio
811 3626 865 3697 Qui
888 3626 964 3683 diem
987 3626 1030 3683 sui
1052 3625 1147 3682 obitus

196 3712 355 3771 Coronatus
376 3711 406 3769 in
428 3711 544 3769 aethere
643 3770 647 3776 ,
810 3711 1009 3770 Praesciverat
1031 3711 1167 3769 divinitus

195 3797 294 3870 Regno
316 3796 426 3869 potitur
447 3797 563 3870 gloriae.
812 3797 852 3855 Et
874 3796 1013 3858 revelavit
1034 3796 1174 3855 omuibus.

143 3920 172 3978 2.
197 3917 345 3975 Coelorum
369 3916 494 3990 gaudent
516 3917 629 3989 agmina
758 3919 788 3977 4.
811 3916 873 3974 Deo
896 3917 976 3975 Patri
1001 3917 1037 3974 sit
1060 3915 1153 3989 gloria

196 4001 241 4060 De
263 4000 435 4059 confessoris
456 4002 557 4074 gloria,
809 4002 937 4075 Ejusque
958 4002 1012 4060 soli
1031 4001 1091 4060 filio

193 4087 246 4158 Qui
269 4087 433 4159 relinpueus
457 4087 608 4146 terrestria
814 4090 884 4147 Cum
908 4087 1011 4160 spiritu
1031 4087 1172 4161 paraclito

199 4173 367 4246 lmqetravit
390 4173 535 4234 coelestia.
814 4173 897 4232 Nunc
928 4179 958 4230 et
985 4189 1038 4245 per
1063 4189 1145 4231 omne
1167 4172 1319 4233 saeculnm.

215 4325 290 4372 Brsv.
309 4325 469 4372 Bracarcnse
493 4325 554 4387 imp.
574 4323 751 4373 salmanticae
775 4320 849 4372 1512.
868 4323 898 4372 Α.
923 4349 955 4358 -
979 4324 1055 4374 Brev.
1074 4325 1235 4374 Bracarense
1259 4326 1320 4389 imp.

144 4392 325 4447 conimbricae
345 4388 417 4442 1634„
436 4394 466 4441 B.
