2918 4868
620 270 832 334 ..77-

388 448 416 505 2.
445 443 672 522 engolismen,
696 462 830 519 proceres
852 446 977 518 superni,

441 529 540 588 Seduli
561 537 589 588 et
613 531 697 604 primi
719 531 834 589 Domini
857 532 989 606 ministri,

441 615 590 689 Principes
613 616 709 690 magui
729 617 828 689 populi
852 617 993 689 ducesque

484 701 577 761 Valde
600 708 740 775 potentes.

388 856 417 914 3.
443 854 501 912 Vos
521 856 580 928 poli
602 873 705 929 magno
727 857 837 928 proelio
859 857 990 929 superbis

440 941 560 1013 Angelis
582 942 664 999 vietis
687 941 906 1016 barathrumque
926 942 1019 1000 missis

319 1073 327 1087 .
441 1027 556 1085 Patriae
579 1027 651 1085 coeli
673 1027 811 1085 Dominus
832 1028 937 1085 locavit

481 1113 558 1170 Arce
580 1114 709 1185 perenni.

387 1268 415 1329 4.
440 1266 592 1324 Brachium
616 1271 741 1324 vestrum
764 1266 868 1324 liberet
889 1272 1033 1340 regatque,

440 1353 577 1424 Protegat
600 1358 710 1410 vestros
733 1352 849 1409 comites
872 1353 1035 1424 redemptos

444 1435 596 1512 Sanguinis
619 1437 726 1496 Christi
747 1437 841 1511 pretio
863 1438 963 1495 salutis

481 1521 601 1594 Semper
622 1522 735 1595 ubique.

387 1677 416 1734 5.
440 1674 564 1752 Christe,
587 1681 619 1733 tn
642 1676 766 1734 clemens
788 1676 921 1750 precibus
944 1682 1065 1754 tuorum,

444 1762 519 1832 Quos
542 1761 729 1833 celebramus,
752 1777 819 1835 rege
838 1779 890 1821 nos
911 1769 939 1819 et
961 1779 1041 1840 auge,

442 1848 502 1919 Quo
525 1847 616 1905 Deum
641 1863 738 1905 verum
761 1849 836 1906 colat
857 1847 935 1905 orbis
957 1849 1048 1906 omnis

482 1931 581 1990 Laude
604 1932 692 1990 fideli.

391 2089 419 2146 6.
444 2086 591 2158 Virginem
614 2092 733 2144 matrem
757 2087 956 2159 dominamque
978 2088 1076 2145 mundi

441 2173 537 2244 Atque
559 2172 687 2245 reginam
707 2187 842 2245 superum
864 2187 1023 2244 precamur,

443 2256 580 2314 Hostibus
603 2257 687 2314 victis
709 2273 868 2316 mereamur
887 2257 982 2316 aulam

483 2342 606 2416 Pergere
628 2343 708 2404 coeli.

390 2497 417 2555 t.
442 2496 537 2553 Donet
558 2497 613 2554 hoc
634 2497 717 2555 nohis
738 2497 904 2569 genitorque
927 2502 1020 2572 unlus,

442 2580 566 2652 Spiritus
586 2587 701 2639 sanctus
722 2582 801 2640 Deus
823 2582 859 2640 ah
882 2589 1011 2655 utroque,

443 2666 487 2726 Sit
507 2668 599 2726 trihus
622 2667 722 2738 virtus,
745 2668 836 2725 honor
854 2685 925 2725 unus
948 2673 1033 2740 atque

484 2751 584 2810 Gloria
606 2768 727 2825 semper.

210 2886 285 2935 Brev.
305 2901 352 2935 ms.
372 2887 422 2936 FF.
437 2886 462 2935 S.
477 2886 633 2949 Hieronymi
652 2889 715 2936 anni
736 2883 809 2935 1463.
829 2884 1074 2936 contradicent
1095 2882 1151 2935 169.
1169 2886 1228 2936 add.
1248 2902 1316 2936 saec.

141 2950 181 3004 15.
201 2968 242 3003 ex.
259 2955 288 3003 11.
305 2981 333 2987 -
353 2955 430 3004 Brev.
450 2956 499 3004 FF.
519 2955 545 3003 S.
565 2956 720 3019 Hieronymi
739 2957 801 3019 imp.
821 2955 944 3019 Lugduni
965 2952 1037 3004 1547.
1050 2955 1080 3003 Β.
1100 2980 1132 2987 -
1151 2955 1228 3004 Brev.
1240 2955 1317 3004 Tole-

137 3028 231 3072 tanum
250 3023 304 3088 imp
331 3022 453 3086 Lugduni
475 3020 547 3072 1551.
566 3024 593 3073 C.
613 3049 645 3058 -
666 3024 741 3073 Brev.
760 3023 913 3073 conchense
931 3026 992 3088 imp.
1006 3023 1127 3073 Conchae
1147 3019 1220 3073 1560.
1234 3025 1266 3072 D.
1284 3049 1317 3056 —-

139 3092 216 3141 Brev.
235 3092 284 3140 FF.
303 3090 329 3140 S.
343 3092 498 3155 Hieronymi
517 3093 578 3156 imp.
597 3092 822 3157 Caesaraugustae
837 3089 954 3141 156111.
970 3120 1004 3128 -
1021 3092 1061 3142 dd
1074 3093 1233 3141 Matutiuum
1246 3093 1274 3140 in
1287 3092 1317 3143 C.

557 3375 612 3432 1112.
647 3376 686 3432 lte
704 3378 802 3433 saneta
821 3379 911 3433 Anna.

632 3531 675 3585 Ad
693 3532 833 3601 Vesperas.
904 3563 905 3566 ¹

149 3692 177 3751 1.
201 3690 290 3762 Quum
313 3694 400 3759 terra,
423 3694 535 3761 pontus,
558 3688 675 3747 aethera
759 3692 787 3750 3.
807 3691 860 3762 Qui
880 3689 992 3748 Mariae
1014 3687 1152 3747 vocabulo
1251 3680 1255 3685 ’

197 3773 302 3833 Colunt
324 3779 353 3831 et
372 3779 452 3832 astra
473 3779 579 3846 cetera,
812 3776 984 3848 Conjunctus
1007 3779 1038 3831 ut
1059 3774 1089 3831 in
1110 3775 1233 3846 surculo,

195 3858 347 3918 Excelsam
369 3874 457 3931 super
477 3859 574 3917 sidera
812 3861 868 3919 Sed
890 3860 999 3933 primus
1021 3876 1074 3931 pro
1096 3861 1210 3918 saeculo

194 3946 280 4003 Anna
302 3944 450 4017 praecelsa
473 3945 578 4019 genuit,
812 3945 989 4005 Redimendo
1014 3945 1183 4017 concipitur.

142 4103 171 4161 2.
197 4098 271 4156 Nem
295 4097 366 4157 haec
386 4098 474 4157 arhor
495 4096 644 4171 pomifera,
756 4103 785 4159 4.
811 4099 902 4158 Utin
925 4098 1025 4158 mortis
1048 4100 1191 4171 ergastulo

196 4183 302 4242 Ramcs
324 4184 453 4256 pandens
474 4190 504 4241 nt
528 4185 644 4253 hedera,
812 4185 926 4242 Dudum
948 4200 1086 4257 oppresso
1108 4186 1215 4256 populo

197 4267 238 4328 Ut
259 4268 337 4328 oliva
359 4266 509 4327 fructifera
810 4270 879 4327 Cum
902 4270 1020 4327 salutari
1043 4269 1146 4341 poculo

197 4356 335 4415 Fructum
356 4355 461 4412 trinum
484 4354 645 4430 progenuit.
810 4355 974 4431 Subveniat,
1000 4354 1065 4411 dum
1088 4354 1189 4417 oritur.
