2918 4868
642 247 850 313 ..94-

172 422 200 478 2.
226 419 385 479 Conscrvat
407 420 545 480 Dominus
784 426 813 483 2.
838 423 964 498 Angelus
986 430 1030 482 est
1051 423 1164 494 missus,

265 513 378 564 sanctos
400 524 418 565 1
439 514 530 565 morte
552 508 680 581 perenni,
881 509 917 567 de
945 508 1058 569 flemma
1079 516 1111 567 ut
1132 509 1237 569 liberet
1258 510 1339 585 illos,

226 591 288 650 Illis
310 593 473 661 ostendens,
838 596 871 654 11
895 592 1010 654 lismaco
1032 594 1094 653 Deo

264 678 339 750 quod
362 685 549 753 sequerentur
571 678 635 739 iter.
880 681 941 738 lnns
964 681 1049 740 datur
1071 697 1120 738 ore
1142 679 1237 742 trium.

170 782 199 841 3.
223 779 297 838 Vera
318 780 373 838 Dei
396 783 491 854 proles
784 786 814 843 3.
838 782 978 842 Gentibus
1001 790 1044 841 est
1067 781 1147 841 fusus

267 873 333 924 sunt
354 866 447 939 ambo,
470 867 518 940 qui
541 866 694 925 morientes
880 874 1041 928 sauctorum
1065 867 1178 941 sanguis
1200 874 1232 925 ut
1246 866 1338 939 unda,

223 951 280 1010 Pro
303 951 418 1011 Christo
439 953 514 1011 sacri
537 953 566 1010 in
839 953 1013 1013 Intumuluta
1034 953 1134 1013 nvibus

265 1037 388 1097 culmina
410 1038 514 1096 montis
537 1044 613 1096 eunt.
880 1056 1002 1113 corpora
1022 1048 1122 1098 saneta
1141 1040 1248 1111 jacent.

349 1157 535 1222 Responsoria.
960 1158 1146 1224 Respouaoria.

174 1241 201 1301 l.
225 1242 368 1302 Caumatis
390 1243 419 1301 in
441 1243 535 1302 medio
787 1245 813 1306 l.
838 1245 925 1303 Dirus
948 1245 1050 1304 evulsit
1098 1316 1102 1327 Ι

266 1329 375 1400 positos
398 1346 453 1387 aon
476 1329 571 1403 attigit
593 1329 667 1402 ignis
881 1329 985 1404 digitos
1008 1337 1036 1388 et
1058 1344 1175 1405 ungues,

222 1414 337 1471 Ardeus
359 1430 412 1472 nee
435 1412 528 1472 lamus
835 1415 947 1475 Ossium
969 1417 1074 1489 plectio

266 1515 319 1572 par
340 1500 467 1558 triduum
489 1501 595 1570 nocuit,
878 1502 983 1573 premit
1004 1508 1034 1559 et
1055 1500 1206 1578 medullas,

223 1584 350 1656 Angelus
371 1586 399 1642 in
423 1584 551 1644 flourmas
835 1585 926 1645 Crura
948 1594 1111 1646 sanctorum

266 1686 358 1727 rorem
382 1668 669 1746 11111111111111,
880 1673 978 1750 laniat,
1000 1674 1133 1743 lacertos,

224 1756 290 1816 Una
312 1771 373 1812 eum
395 1758 501 1815 sanctis
835 1758 961 1831 Cumque
984 1764 1152 1832 torquentur

265 1841 393 1901 carmina
416 1842 611 1915 1111111111;
875 1861 956 1917 mage
979 1844 1158 1904 roborantur.

159 1926 193 1988 V.
224 1926 413 1986 Caudesceuti
435 1927 497 1986 oleo
773 1927 805 1988 V.
836 1928 956 2003 Jamque
978 1930 1103 1989 lassatur

264 2019 438 2085 spargantur
459 2030 581 2087 corpora
602 2016 689 2088 nuda,
878 2014 1033 2074 cruciando
1055 2020 1156 2087 tortor,

222 2098 369 2171 Lampado
391 2097 565 2173 flammigera
834 2102 952 2160 Fortius
973 2101 1065 2160 sancti

265 2184 458 2258 circuiturque
478 2186 562 2245 latus.
877 2186 1029 2245 Dominum
1052 2184 1187 2245 fatentur.

169 2291 197 2348 2.
220 2287 316 2346 Judox
338 2294 501 2346 sanctorum
781 2289 810 2349 2.
836 2288 902 2347 Vidi
925 2304 1069 2361 purpureo

263 2371 434 2431 furibundus
456 2378 570 2447 gutture
592 2375 699 2433 calcem
877 2373 992 2432 indutos
1016 2373 1155 2433 velamine
1176 2376 1301 2441 sanctos,

222 2459 381 2518 Ardentem
401 2459 515 2516 immitti
838 2459 892 2530 Qui
914 2476 949 2517 ex
970 2476 1040 2518 auro
1063 2466 1091 2517 et
1114 2458 1232 2533 gemmis

264 2560 326 2601 ouur
350 2543 417 2602 felle
440 2549 468 2601 et
489 2544 576 2616 jussit
597 2551 717 2613 acetum.
879 2544 1030 2617 gestabant
1052 2542 1122 2603 flore
1144 2543 1276 2619 corollas,

158 2629 191 2687 V.
224 2628 411 2690 Christicolae
432 2629 571 2703 intrepidi
832 2631 1027 2688 Monstrantes
1049 2647 1132 2702 agno,

268 2720 352 2786 potus
374 2714 509 2773 libamina
531 2721 655 2788 gustant,
878 2732 931 2788 pro
952 2715 1003 2774 illo
1025 2731 1098 2789 quae
1113 2715 1232 2774 vulnera
1247 2714 1334 2786 passi.

223 2799 326 2859 Dulcia
348 2801 432 2858 molle
455 2799 520 2859 lavo
773 2799 807 2861 V.
840 2802 968 2874 Arrgelus
990 2801 1146 2860 exclamat:

267 2902 347 2957 mage
372 2894 438 2943 sunt
461 2886 612 2944 dulcedine
628 2903 719 2948 versa.
878 2893 944 2944 sunt
965 2886 995 2944 hi
1018 2886 1164 2960 regnantis
1186 2884 1279 2957 amici,

171 2989 200 3048 3.
222 2989 310 3061 Quam
335 2987 494 3057 benedicta,
836 2972 890 3043 Qui
913 2972 1046 3046 111011ῑὸ8
1067 2971 1133 3045 11111ἰ

266 3090 350 3146 quam
373 3074 537 3133 veneranda
878 3058 966 3116 stolas
987 3057 1016 3115 iu
1031 3057 1170 3131 sanguiue
1185 3056 1334 3115 mandant.

224 3161 305 3218 Mors
328 3160 454 3232 pretiosa
785 3162 813 3220 3.
837 3159 1002 3218 &eduntur
1024 3175 1109 3218 saevo

266 3251 365 3317 estque
384 3245 476 3304 beatis
879 3246 976 3318 gladio
999 3245 1178 3304 sanctissima
1198 3246 1282 3323 colla,

224 3331 299 3388 Ante
321 3330 446 3390 tribunal
838 3330 951 3388 Vertiee
973 3330 1086 3389 sublato

267 3422 370 3475 cuncta
391 3418 523 3491 regentis
880 3417 1046 3490 linquuntur
1067 3433 1189 3489 corpora
1212 3417 1297 3495 trudo,

161 3501 194 3563 V.
226 3501 346 3578 Felices,
369 3520 488 3576 qaorum
837 3501 988 3575 Sanguine,
1012 3503 1086 3560 lacte
1106 3507 1232 3572 manant,

266 3588 366 3646 laudes
393 3590 452 3660 jam
474 3590 580 3646 coelica
603 3596 721 3647 1111111
880 3588 991 3645 animae
1014 3588 1157 3661 coelisque
1183 3588 1333 3660 volaruut3

224 3673 355 3746 Agmine,
378 3675 529 3747 gaudendo
839 3672 898 3731 llas
917 3672 1021 3732 chorus
1044 3673 1188 3746 angelicas

260 3759 719 3832 cantantpalmasquetriumplros.
879 3775 975 3817 seeum
997 3776 1084 3832 super
1107 3775 1176 3817 aera
1197 3759 1289 3821 duxit.

275 3912 596 3976 113.Ν1111111.
916 3915 957 3972 ln
984 3914 1188 3975 Laudibus.

353 4013 528 4079 Antiphonae.
962 4015 1138 4080 Antiphcnaa.

175 4103 201 4162 l.
226 4101 282 4159 Vos
304 4102 430 4173 gaudere
453 4102 544 4173 decer,
785 4103 812 4164 1.
837 4101 984 4160 Laudibus
1007 4103 1166 4160 exclament

266 4187 419 4245 Dominum
440 4186 619 4259 benedicere,
639 4189 719 4260 justi,
879 4189 977 4260 populi
999 4189 1149 4261 cunctique
1172 4187 1271 4247 tidcles

223 4272 371 4331 Canticum
394 4279 424 4330 et
445 4273 473 4330 in
497 4274 583 4331 coelis
836 4272 1003 4332 Sanctorum
1027 4275 1055 4332 in
1079 4272 1161 4331 iestis

266 4374 391 4433 pangere
417 4359 500 4418 dulce
522 4375 634 4418 novum.
882 4360 1026 4419 namaodo
1048 4363 1129 4433 gesta
1150 4358 1284 4419 virorum.
