2918 4868
642 264 873 328 -274-

541 467 602 526 mc
638 468 677 525 lte
695 469 792 524 saneto
811 465 966 525 Vincentio.

668 588 711 642 Ad
729 588 844 643 Laudes.

169 716 196 773 1.
221 713 361 772 Vincentii
384 713 466 786 plebs
489 714 593 772 devota
785 721 814 774 t.
838 714 985 786 Equuleus
1008 719 1206 789 praeparatur,

263 799 394 858 Extollat
415 799 594 873 martyrium,
878 798 981 857 Levita
1002 799 1194 871 suspenditur,

223 885 278 957 Qui
300 901 354 958 pro
376 883 434 943 fide
456 890 551 942 mente
572 892 633 942 tota
836 883 883 943 Ab
904 884 1016 943 ossibus
1038 893 1188 956 separatur

267 970 389 1030 Sustulit
410 970 593 1043 supplicium,
881 970 964 1045 Caro,
987 969 1102 1043 sanguis
1126 967 1257 1027 funditur

223 1055 282 1115 Cur
304 1055 376 1114 coeli
398 1071 490 1129 poena
512 1061 622 1115 remota
838 1055 961 1124 Arduus,
984 1061 1014 1112 ut
1038 1061 1153 1112 sanctus
1175 1061 1284 1130 uratur,

265 1141 458 1213 Amplectitur
479 1139 619 1201 bravium.
883 1140 991 1214 Tegula
1014 1140 1191 1213 supponitur.

172 1247 200 1304 2.
222 1246 257 1303 ln
280 1242 403 1301 rebelles
425 1242 613 1316 triumphavit
785 1247 814 1304 6.
840 1243 913 1301 Dum
937 1243 1059 1314 quiescit
1081 1240 1158 1300 intra
1180 1243 1303 1314 tironum,

266 1329 304 1387 Et
327 1327 433 1399 objecit
456 1325 580 1397 fortiter,
880 1329 942 1387 Deo
965 1327 1046 1386 dedit
1068 1328 1209 1400 spiritum,

228 1414 261 1471 ln
286 1430 369 1486 quom
393 1419 536 1472 tormenta
557 1413 671 1487 paravit
840 1414 971 1473 ltelatum
993 1414 1071 1471 coelo
1093 1430 1146 1486 per
1168 1413 1295 1490 chomm,

271 1498 416 1557 Dasianus
438 1498 553 1571 aeriter,
882 1499 1021 1558 Paradiso
1043 1499 1178 1556 traditum

224 1584 365 1642 Donando
387 1600 443 1642 nou
466 1585 613 1657 superavit
840 1585 1021 1643 Lactantium
1043 1584 1218 1657 angelorum.

268 1669 342 1728 Fide
365 1669 472 1729 Christi
494 1670 644 1743 proelium.
881 1670 989 1744 Quibus
1012 1686 1128 1728 consors
1148 1671 1267 1727 sistitur.

172 1776 201 1834 3.
224 1772 317 1845 Impie
336 1772 426 1844 jnder
450 1771 574 1830 crudelis
789 1775 817 1836 t.
839 1774 896 1831 Pro
919 1773 1082 1837 nobiscnm
1106 1772 1248 1844 Vincenti,

270 1858 366 1930 Atque
389 1855 451 1915 fera
474 1858 608 1930 pessima,
883 1859 924 1919 Ut
940 1859 1093 1931 jungamur
1115 1858 1236 1917 Domino

226 1947 330 2018 Atrox,
353 1958 483 2015 nequam,
507 1941 642 2013 infidelis,
842 1943 1006 2002 Gaudentes
1029 1943 1215 2016 omnipotenti

269 2027 315 2087 Eu
336 2032 443 2086 tractas
466 2029 638 2101 nequissima
751 2090 757 2100 ,
886 2029 991 2088 Sancto
1014 2029 1076 2086 sine
1096 2029 1227 2100 termino,

228 2113 336 2173 Contra
357 2129 462 2190 regem,
484 2114 532 2187 qui
555 2113 694 2188 regnavit,
843 2114 980 2174 Abscissa
1001 2129 1094 2187 poena
1116 2115 1248 2172 tonneuti

273 2199 398 2257 Protulit
421 2199 599 2261 Vincentius,
700 2217 704 2224 ·
887 2198 1073 2260 Perimamur
1094 2200 1207 2273 gaudio.

177 2305 207 2362 4.
230 2302 311 2360 Tunc
332 2301 423 2360 iratus
445 2301 589 2361 Decianus
791 2307 817 2364 8.
842 2302 989 2377 Trinitati,
1012 2302 1097 2378 patri,
1122 2309 1188 2360 nato

269 2387 416 2459 Praecipit
435 2386 573 2444 militibus
887 2386 931 2445 Sit
953 2387 1044 2446 lronor
1065 2393 1095 2445 ct
1115 2387 1206 2461 gloria

226 2471 364 2530 Fremens
387 2472 473 2530 veluti
497 2487 633 2530 vesanas:
842 2472 1046 2545 Pneumatique
1068 2473 1184 2544 sociato,

270 2559 383 2616 Poenae
407 2558 511 2615 dentur
532 2557 668 2635 artubus3
884 2557 992 2630 Quibus
1015 2574 1124 2615 summa
1145 2559 1238 2629 gratia

229 2642 278 2703 Sic
299 2642 442 2716 impletur,
464 2648 497 2700 ut
518 2643 679 2712 mandetur,
843 2641 985 2702 Perfectis
1007 2641 1063 2701 fine
1087 2643 1170 2700 beato

271 2726 467 2800 Extorquetur
488 2729 592 2787 acrius.
885 2729 1059 2788 0rtbodoxis
1081 2729 1216 2786 traditur.

243 2846 319 2895 Brev.
344 2844 503 2895 Celsonense
529 2846 590 2910 imp.
613 2845 840 2910 Caesaraugustae
869 2843 942 2896 1514.
967 2873 997 2881 -
1021 2847 1170 2896 Vorfasser:
1197 2845 1351 2908 Anonymus

175 2913 351 2964 Celsoneusis.
368 2940 403 2948 -
420 2909 445 2974 3,
463 2910 480 2963 5
499 2917 598 2978 regnat.

545 3146 606 3207 48⁰.
642 3145 682 3205 Ile
699 3148 798 3206 sancto
817 3146 971 3205 Vincentio.

663 3268 705 3322 Ad
723 3268 863 3338 Vesperas.

181 3395 208 3454 1.
230 3391 284 3453 Pia
305 3399 397 3451 mater
419 3392 550 3465 ecclesia,
791 3395 821 3453 4.
844 3393 902 3450 Pro
924 3391 982 3450 fide
1004 3399 1061 3449 stat
1084 3392 1245 3465 intrepidus

232 3477 346 3552 Magnis
369 3477 468 3536 attolle
490 3477 623 3536 laudibus
843 3477 937 3536 Multa
959 3493 1060 3550 passus
1082 3478 1217 3550 ludibria,

235 3563 412 3637 Regnantem
437 3578 500 3620 cum
523 3564 644 3622 victoria
845 3563 901 3620 Pro
924 3580 979 3636 qua
1001 3563 1044 3620 sic
1065 3564 1170 3621 ardens
1195 3562 1324 3621 fervidus
1399 3633 1401 3637 ,

230 3648 323 3708 Victis
346 3648 443 3707 mundi
467 3648 622 3711 erroribus.
846 3648 1008 3708 Carbonum
1031 3646 1089 3706 fert
1110 3649 1272 3708 succendis.

181 3755 209 3812 2.
233 3751 373 3809 Doctrina
394 3750 505 3824 pollens
528 3751 639 3824 gemina
792 3756 820 3812 5.
844 3751 930 3810 Croto
954 3750 1096 3810 distentus
1120 3749 1215 3810 ferrea

233 3836 342 3896 Christi
364 3835 445 3894 miles
468 3835 634 3895 Vincentius
847 3836 1011 3909 Tyrannum
1034 3837 1126 3910 pascit
1149 3837 1276 3910 impium,

231 3923 289 3980 Dat
310 3921 402 3981 sancti
425 3921 504 3980 verbi
526 3923 643 3995 semina,
844 3921 928 3980 Foris
950 3921 1085 3980 labuntur
1107 3923 1217 3981 viscera

232 4008 292 4080 Quo
315 4013 423 4080 pugnat
445 4007 487 4065 sic
508 4008 667 4070 ardentius.
844 4007 906 4066 Nec
928 4012 1024 4065 tamon
1047 4006 1104 4066 sert
1127 4008 1318 4082 dispendium.

180 4115 207 4172 3.
231 4109 334 4167 Dimm
357 4109 500 4182 responsis
519 4110 646 4182 judicem
792 4117 820 4173 o.
844 4110 963 4170 Athlcta
985 4116 1043 4169 stat
1064 4111 1217 4169 immobilis

236 4195 302 4253 Pius
324 4195 406 4252 miles
427 4196 602 4269 aggreditur,
845 4196 1016 4268 Torqucutis
1038 4197 1136 4255 ridens
1159 4195 1272 4268 suriam,

233 4281 300 4354 Spei
323 4281 517 4340 conscendens
539 4281 649 4354 apicem
845 4281 906 4338 Noc
927 4297 1006 4339 mens
1028 4288 1153 4340 terretur
1174 4282 1277 4340 nobilis

231 4367 292 4439 Qua
321 4367 429 4426 coelum
448 4367 507 4439 jam
532 4367 738 4440 complectitur.
845 4366 891 4425 Ad
916 4367 986 4425 coeii
1009 4367 1122 4440 spirans
1145 4367 1262 4426 curiam.
