2918 4868
605 231 838 342 4220-

528 444 589 502 388.
625 444 663 502 bs
681 445 781 502 sanda
797 443 916 502 llarlua.

605 565 649 620 Ad
667 565 838 621 Nocturnum.

138 693 165 752 1.
190 691 334 766 Hymunm
357 692 447 750 mirae
469 691 630 750 dulcedinis
753 695 781 752 3.
806 690 895 749 Laeta
916 690 1014 748 Jesum
1036 689 1219 764 amplectitur

191 776 288 836 Sancti
312 779 466 836 decantant
488 777 582 847 hodic,
805 776 893 848 CuJ'us
915 792 1011 834 amore
1033 775 1170 850 languida

190 862 265 920 Dum
288 879 353 922 rosa
375 863 598 937 pulchritudinis
805 861 878 920 Dira
898 867 1041 920 tormenta
1061 862 1170 937 patitur

190 946 314 1006 Offertur
337 949 396 1022 regi
419 948 535 1021 gloriae.
804 947 904 1005 Mente
926 954 1059 1006 constans
1082 946 1236 1019 intrepida.

136 1053 166 1110 2.
189 1050 304 1108 Mariua
326 1050 406 1123 virgo
429 1050 517 1121 regia,
754 1053 783 1109 4.
806 1049 933 1126 Fulgern
955 1065 1061 1108 cornua
1084 1049 1192 1122 duplici

194 1134 372 1209 virginitatis
394 1135 494 1213 lilium,
808 1134 903 1196 Solem
926 1134 1082 1209 splendore
1102 1140 1229 1208 superat,

192 1218 378 1279 Transfertur
399 1220 436 1279 ab
459 1221 581 1280 ecclesia
813 1222 915 1281 Potum
938 1219 1026 1279 fontis
1049 1218 1161 1278 mirifici

195 1308 228 1364 ln
252 1307 374 1364 coeleste
397 1307 546 1366 rosarium.
808 1306 960 1381 Degustat
983 1322 1067 1378 quem
1089 1306 1243 1365 sistiverat.

473 1412 501 1469 5.
524 1408 585 1467 Rex
610 1408 724 1467 Christe
746 1409 974 1469 clementissime.

207 1527 283 1578 Brsv.
302 1542 349 1576 ms.
368 1527 525 1577 Zamorenss
543 1541 612 1577 saec.
632 1523 671 1576 15.
689 1527 753 1578 Cod.
770 1525 856 1592 Capit.
875 1528 1094 1577 Zemmeana.

536 1727 595 1784 387.
629 1726 668 1783 be
687 1730 785 1784 sanda
802 1725 919 1785 llariua.

647 1848 691 1903 Ad
708 1848 822 1904 Laudes.

143 1975 170 2033 1.
194 1973 276 2032 Novo
299 1971 410 2047 fulgore
431 1974 552 2032 rutilans
759 1977 787 2034 3.
812 1974 894 2032 Serto
916 1974 1020 2032 decora
1041 1973 1155 2032 luminis

194 2060 371 2118 thiloetetur
393 2061 523 2130 ecelesia,
812 2060 889 2118 theti
911 2059 1014 2117 transit
1037 2056 1161 2132 lastigie,

193 2145 354 2215 Martyrum
376 2152 489 2219 promat
508 2144 634 2217 jubilans
812 2144 945 2204 Summae
967 2160 1081 2203 carmen
1104 2145 1264 2204 dulcedinis

194 2230 294 2290 Novae
315 2230 408 2289 laudis
430 2231 592 2304 praeconia.
811 2230 938 2289 Cenoma
961 2231 1033 2289 coeli
1055 2231 1141 2289 curia.

142 2336 170 2393 2.
195 2333 318 2405 Mariua,
343 2334 430 2407 plena
449 2331 516 2391 iidei
759 2336 790 2398 4.
813 2333 1056 2406 Christum,quem
1065 2332 1320 2406 hicperspccnlum

195 2419 301 2477 Christi
324 2433 444 2492 sequens
468 2419 598 2492 vestigia,
811 2420 851 2477 Et
872 2436 925 2492 per
947 2419 1081 2492 aenigma
1101 2419 1224 2488 viderat,

195 2505 243 2562 Ad
267 2504 410 2563 Christum
432 2505 508 2563 laeta
531 2505 650 2577 provehi
814 2506 1032 2577 (hntemplatur
1053 2505 1090 2563 ad
1114 2505 1235 2576 oculum,

195 2591 325 2648 Meretur
347 2606 409 2648 cnm
434 2590 562 2648 victoria.
809 2591 964 2665 Cognoscit
985 2597 1016 2647 ut
1040 2590 1196 2652 desiderat.

477 2698 505 2753 5.
530 2693 592 2751 Rex
615 2692 728 2750 Christe
751 2693 978 2753 clementissime.

215 2813 289 2859 lirev.
310 2825 357 2858 ms.
374 2811 530 2860 zamorense
550 2826 617 2859 saec.
638 2808 677 2860 15.
696 2810 760 2860 Cod.
779 2812 864 2876 Capit.
882 2812 1017 2861 Zamoren.
1036 2828 1056 2859 s.
1075 2827 1100 2860 n.

535 3008 596 3065 388.
632 3009 671 3066 bs
690 3010 790 3066 sancta
807 3008 925 3066 llarina.

599 3132 629 3185 ln
647 3131 727 3200 Vesp.
746 3138 773 3185 et
791 3131 874 3184 Laud.

152 3254 181 3314 1.
205 3253 280 3324 Tibi,
304 3253 426 3327 Christo,
449 3255 498 3313 lux
521 3261 550 3312 ot
571 3256 639 3324 vita,
764 3259 792 3318 3.
816 3256 904 3327 Cujus
926 3255 1045 3332 meritis,
1069 3272 1210 3328 rogamus,

241 3339 333 3397 dulcis
355 3357 476 3413 sponsus
499 3342 649 3415 virginum,
858 3341 927 3399 iesu
950 3340 1161 3413 benignissime,

200 3425 233 3483 ln
256 3434 409 3499 conspectu
433 3426 617 3486 decantamus
817 3426 854 3485 Ut
878 3444 929 3483 nos
952 3424 1035 3485 fauce
1055 3426 1169 3485 liberati

241 3527 428 3583 supernorum
451 3513 603 3586 agminum.
860 3512 960 3569 mortis
983 3512 1176 3584 iniquissimae

201 3595 233 3653 ln
257 3594 331 3654 festo
354 3598 485 3656 Marinae
506 3598 571 3671 piae
815 3598 920 3656 Tecum
943 3614 1057 3671 semper
1077 3598 1262 3656 collaetemur

243 3682 344 3739 (lantes
364 3683 464 3740 laudes
487 3683 612 3744 vocibus.
860 3700 922 3740 cnm
946 3683 1053 3742 sanctis
1075 3682 1233 3756 spiritibus.

149 3787 179 3845 2.
203 3785 279 3856 Quae
302 3785 358 3842 tuis
380 3783 605 3859 obtemperando
765 3791 794 3846 4.
818 3788 850 3844 lo
874 3786 928 3843 hoo
952 3784 1025 3842 festo
1045 3785 1176 3858 virginali

245 3870 360 3927 monitis
384 3876 413 3927 et
431 3871 567 3945 jussibus,
860 3872 921 3929 laus
945 3872 1005 3931 Deo
1028 3871 1163 3944 ingenito,

203 3954 295 4028 Super
318 3964 420 4015 cuncta
443 3963 471 4013 te
492 3957 615 4015 amando
821 3957 863 4014 Sit.
885 3958 947 4015 laus
969 3958 1030 4029 ejus
1054 3957 1199 4030 coaequali

247 4057 322 4099 nunc
341 4041 371 4099 in
395 4042 467 4100 coeli
489 4042 604 4100 sedibus
858 4045 928 4103 Jesu
951 4042 1065 4101 Christo
1087 4042 1191 4119 genito,

206 4126 261 4184 Per
283 4133 311 4184 te
333 4129 414 4185 sedet
437 4129 545 4187 sociata
816 4127 863 4186 Ab
883 4135 1003 4201 utroque
1026 4129 1193 4200 procedenti

247 4212 386 4285 virginum
409 4214 579 4285 sagminibus.
863 4214 926 4272 laus
948 4214 986 4271 sit.
1008 4214 1036 4271 in
1061 4214 1241 4273 coelestibus.

221 4332 295 4380 Brev.
315 4347 362 4379 ins.
381 4331 611 4395 Calrtgurribrrrrrm
629 4349 697 4383 sace.
719 4330 757 4382 15.
786 4332 848 4383 Cori.
868 4332 1055 4382 Salrnantioon.
1078 4330 1233 4382 1868.-
1254 4334 1328 4391 lires.

151 4399 382 4464 Calagurritanurn
399 4406 426 4449 et
443 4400 608 4451 Uulsiniense
628 4404 689 4466 irnp.
710 4403 833 4451 ereronii
854 4398 927 4451 1543.
948 4403 976 4451 li.
