2918 4868
643 261 851 324 ..firm

162 441 195 500 V.
226 440 369 498 Tentahat
391 438 495 510 impius

267 525 356 597 judex
380 523 523 598 egregium

228 612 284 670 Per
305 616 446 669 tormenta

268 697 392 770 perdere
414 693 550 756 Blasium.

175 840 203 896 3.
230 836 253 896 0
277 833 322 894 vir
343 850 463 908 magnae
485 836 645 895 sanctitatis

224 921 262 979 Et
284 921 439 978 immensae
462 921 588 994 pietatis,

224 1007 328 1067 Omnes
351 1005 404 1064 tibi
426 1003 597 1065 famulantes

225 1093 265 1151 Et
286 1099 315 1150 te
336 1091 384 1165 pie
406 1098 575 1150 venerantes

226 1178 273 1237 Ab
295 1175 401 1236 infami
423 1182 593 1250 tempestate

225 1264 288 1322 Tua
309 1279 412 1335 magna
433 1268 576 1335 potestate

227 1348 334 1408 Libera
355 1365 417 1423 nos,
440 1354 551 1422 martyr
572 1357 679 1428 sancte,

225 1435 267 1495 Ut
282 1433 424 1507 possimus
446 1433 508 1492 Deo
531 1435 618 1493 dante

225 1519 393 1578 Paradisum
416 1519 564 1592 possidere

225 1606 264 1664 Et
286 1622 350 1663 cum
372 1603 435 1663 Deo
456 1621 641 1681 permanere3

162 1693 196 1753 V.
227 1691 287 1749 Nos
310 1696 359 1748 tna
382 1690 547 1764 deprecatio

226 1775 334 1835 Christi
352 1777 454 1850 jungat
478 1776 607 1852 collegio.

324 2000 364 2057 ln
387 1999 594 2059 Laudibus.

353 2119 529 2184 Antiphonse.

172 2228 200 2286 1.
224 2223 335 2296 Regnat
356 2223 435 2281 Deus
457 2231 483 2281 et
508 2240 571 2282 cnm
593 2240 628 2282 eo

268 2315 382 2367 sanctos
405 2316 506 2383 regnat
528 2310 651 2383 Blasios,

225 2395 343 2454 Praesnl
364 2410 446 2453 sacer
468 2401 497 2453 et
520 2392 667 2454 confessor

266 2486 295 2538 et
315 2485 425 2553 martyr
447 2479 585 2555 egregius.

170 2619 199 2677 2.
221 2617 378 2680 Juhilaudo
401 2622 529 2677 sanctum
550 2617 649 2678 luodet

267 2703 359 2761 omnis
382 2708 460 2762 terra
482 2702 619 2777 Blasium,

224 2788 313 2860 Quem
336 2787 422 2846 hodie
444 2788 533 2847 traxit
553 2790 590 2847 ad
613 2806 643 2847 se

267 2873 347 2931 Deus
369 2889 422 2945 per
443 2874 621 2948 martyrium.

171 3014 200 3071 3.
225 3010 379 3083 vigilemus
402 3015 430 3067 et
452 3011 608 3083 psallamus

265 3095 327 3154 Deo
349 3096 465 3154 summis
487 3096 629 3171 laudibus,

225 3181 279 3254 Qui
301 3181 428 3240 Blasinm
451 3188 580 3242 sanctum
604 3185 680 3244 vitae

267 3267 371 3326 ditavit
392 3267 557 3333 honoribus.

171 3408 199 3465 4.
224 3405 400 3465 Benedicent
422 3413 571 3468 creaturae

266 3492 468 3564 plasmatorem
492 3494 625 3567 omniurn,

222 3578 278 3636 Por
299 3593 381 3650 quern
405 3578 487 3638 nohis
509 3579 546 3637 sit
569 3585 686 3640 aeterna

264 3663 340 3721 sulus
363 3671 392 3721 et
417 3664 581 3726 remedium.

170 3804 197 3861 5.
222 3800 322 3859 Lauda
345 3801 432 3874 digna
453 3801 574 3859 laudent
595 3802 686 3862 Deum

263 3902 310 3945 res
334 3901 430 3944 omnes
453 3886 482 3943 in
504 3888 628 3960 saecula,

223 3972 263 4032 Ut
286 3973 333 4030 det
357 3970 439 4029 nobis
462 3987 524 4029 cnm
547 3973 643 4032 Blasio

265 4057 341 4116 vitae
364 4056 557 4118 tabernacula.

949 432 989 481 Ad
1008 432 1174 482 Benedictus.

776 522 811 579 A.
840 519 1012 578 Benedictus
1035 524 1242 577 retractemus

883 606 931 677 qni
954 604 1062 663 creavit
1082 603 1185 671 omnia,

840 691 894 763 Qui
918 689 1043 748 Blasium
1067 690 1121 747 hac
1142 688 1172 746 in
1196 688 1244 747 die

883 775 1031 834 coronavit
1052 775 1144 849 gloria

840 862 886 921 Ex
906 860 961 921 hac
984 861 1043 920 uita
1066 859 1274 918 ducensillum

884 947 922 1006 ad
945 946 1018 1006 coeli
1039 943 1164 1020 fastigia,

840 1033 894 1106 Qui
915 1031 998 1091 nobis
1022 1047 1137 1104 reguum
1161 1029 1238 1088 vitae
1260 1029 1309 1088 det

882 1133 936 1191 per
959 1118 1020 1191 ejus
1043 1115 1187 1190 suffragia.

822 1288 877 1349 Ad
896 1289 1019 1347 Horas
1038 1285 1296 1360 Antiphouae.

965 1389 1006 1439 nd
1024 1383 1147 1438 Primam.

841 1478 928 1536 Vultu
950 1477 1044 1535 nitens
1067 1474 1205 1551 angelico,

883 1578 1036 1626 coruscans
1058 1560 1214 1631 miraculis,

839 1649 896 1709 Ore
917 1648 967 1721 pio
987 1645 1175 1721 praedicabat

882 1736 980 1796 Jesum
1005 1732 1149 1792 Christum
1172 1730 1296 1805 populis.

962 1850 1003 1901 Ad
1023 1851 1148 1900 Tertiam.

839 1942 881 2002 Ut
903 1946 1045 2012 gestorum
1067 1954 1156 1996 verax
1179 1937 1240 2008 ejus

881 2029 997 2083 enarrat
1019 2022 1147 2095 historia,

839 2111 911 2184 BJus
933 2110 991 2169 fide
1013 2115 1122 2183 septem
1145 2106 1206 2166 lere

883 2195 1065 2269 baptizantur
1085 2193 1174 2256 milia.

970 2314 1010 2364 nd
1029 2315 1146 2364 Sortem.

839 2401 862 2460 0
883 2402 928 2459 vir
950 2401 1015 2479 Dei,
1038 2405 1149 2474 martyr
1170 2405 1281 2475 potens,

881 2488 938 2545 tuis
960 2488 1066 2546 sanctis
1088 2485 1222 2560 precibus

838 2570 988 2631 Universis
1010 2588 1062 2632 nos
1084 2570 1207 2630 emunda

882 2657 1015 2717 vitiorum
1038 2656 1181 2716 sordibus.

971 2774 1011 2825 Ad
1030 2777 1141 2826 Nonam.

838 2864 872 2923 ln
892 2862 974 2922 istius
997 2879 1079 2922 sacro
1102 2861 1177 2922 testo

881 2946 1060 3022 proferamus
1083 2948 1205 3017 cantica,

839 3035 929 3094 Prece
951 3035 1031 3106 cujns
1053 3033 1135 3092 nohis
1157 3034 1221 3106 pius

882 3121 931 3179 det
953 3119 1031 3178 Deus
1053 3119 1197 3181 coelestio.

900 3276 941 3333 ln
965 3278 994 3335 2.
1021 3273 1214 3346 vesperis.

948 3375 989 3425 Ad
1006 3373 1168 3441 llugnificat

774 3463 810 3524 A.
837 3461 1005 3535 Magnificet
1026 3468 1102 3521 totns
1124 3460 1247 3520 mundns

880 3547 1023 3606 Christum
1046 3548 1100 3608 Dei
1122 3546 1222 3617 filium,

838 3633 893 3708 Qui
915 3634 1001 3692 hodia
1023 3633 1187 3692 sublimavit

880 3718 1045 3792 pontificem
1067 3718 1194 3777 Blasiam

837 3806 922 3864 Hunc
947 3805 1078 3864 exaltans
1100 3809 1129 3861 ot
1151 3803 1294 3861 collocans

880 3891 959 3950 coelo
982 3906 1035 3963 per
1056 3888 1236 3964 martyrium,

839 3976 925 4047 Cujus
948 3991 1034 4049 prece
1056 3992 1107 4033 uos
1129 3974 1255 4032 illustret

880 4060 1008 4134 paradisi
1031 4060 1175 4135 gandium.

110 4236 114 4240 .
225 4178 300 4227 Brev.
320 4192 367 4226 ms.
379 4178 499 4228 Lucanae
517 4193 585 4229 saec.
607 4176 645 4228 14.
665 4181 701 4228 in.
722 4180 786 4230 Cod.
799 4181 885 4245 Capit.
898 4181 996 4229 Lucem.
1015 4197 1035 4229 s.
1055 4196 1080 4230 n.
1093 4181 1123 4229 A.
1143 4203 1173 4212 -
1195 4179 1270 4227 Brev.
1292 4194 1339 4227 ms.

157 4245 397 4310 Compostellauum
422 4261 489 4296 saec.
517 4244 556 4296 15.
585 4246 649 4297 coo.
668 4248 752 4314 Capit.
772 4248 978 4313 Compostellani
1002 4267 1023 4297 s.
1047 4264 1072 4297 n.
1097 4249 1127 4298 B.
1146 4275 1178 4283 -
1197 4246 1273 4295 Brev.
1293 4262 1340 4296 ms.

154 4313 332 4364 Tirasonense
355 4329 422 4364 saec.
451 4310 518 4364 l1s.
537 4316 600 4367 Cod.
619 4317 805 4382 hlunebregeu.
830 4333 851 4367 s.
874 4332 899 4366 n.
919 4318 948 4367 C.
974 4343 1006 4351 -
1031 4318 1108 4367 Brev.
1127 4331 1175 4365 ms.
1193 4315 1341 4365 Romanurn

157 4397 224 4432 saec.
252 4379 522 4435 temerarium.
548 4381 579 4436 13
589 4381 648 4436 236.
666 4385 699 4434 1).
723 4413 757 4421 -
781 4385 857 4436 Brev.
880 4401 928 4435 ms.
948 4388 1104 4436 vivariense
1128 4398 1196 4435 suec
1220 4379 1259 4432 15.
1278 4382 1341 4434 Cod.
