2918 4868
646 263 856 329 „70-

569 466 613 522 88.
649 465 688 522 Ile
706 468 805 523 sancte
822 466 939 539 Agnete.

662 603 706 657 Ad
723 602 837 658 Laudes.

166 752 193 810 1.
218 749 331 809 Virtute
353 747 432 806 vocis
454 745 593 819 benignae
782 749 811 806 5.
835 744 943 803 Terrae
963 746 1060 818 sponsi
1082 750 1114 803 ut
1138 762 1286 804 venemum

260 833 374 891 Laudes
397 832 499 890 chorus
522 829 652 904 proferat
875 831 992 903 Sprevit
1012 831 1177 905 amicitiam,

216 919 346 995 Agnetis,
370 935 436 976 nam
459 918 519 987 ejus
541 916 626 989 digne
834 917 954 973 Dulcem
977 932 1112 988 sponsum
1133 923 1162 973 et
1184 933 1332 976 amoenum

261 1004 356 1062 Vitam
375 1003 458 1061 nobis
479 1006 589 1060 reserat
877 1002 1023 1061 Christum
1045 1001 1161 1059 dantem
1183 1003 1304 1076 glorium

217 1090 342 1150 Pudoris
364 1090 458 1146 lumen
480 1088 591 1160 insigne
833 1086 968 1159 Sequens,
992 1086 1113 1144 veritate
1135 1088 1251 1161 plenum

261 1174 397 1248 Sacrique
419 1173 560 1247 martyrii.
875 1172 915 1229 Et
934 1169 1068 1230 fluentem
1091 1174 1193 1247 gratia.

167 1282 197 1339 2.
221 1278 285 1336 Non
308 1274 398 1334 flectit
420 1281 513 1332 terror
534 1273 667 1332 tormenti
782 1275 811 1333 6.
836 1273 941 1346 Fulget
963 1274 1072 1346 duplici
1095 1290 1199 1334 corona

261 1365 287 1421 A
310 1362 419 1419 cultura
441 1360 544 1418 latriae
877 1360 1001 1420 coelesti
1023 1360 1132 1432 palatio

223 1449 285 1506 Nec
306 1463 431 1504 errorem
456 1444 536 1503 dedit
556 1445 644 1502 menti
834 1444 931 1519 Virgo,
953 1456 1064 1518 martyr
1086 1452 1115 1502 et
1137 1453 1259 1518 patrona

267 1532 367 1591 Cultus
387 1531 548 1600 idolatriae,
877 1531 1045 1588 Sanctorum
1068 1530 1188 1604 collegio

222 1623 329 1678 Amore
350 1617 431 1675 novit
452 1617 560 1688 ingenti
836 1614 926 1673 Grata
948 1616 1008 1686 poli
1029 1632 1142 1675 sumens
1164 1617 1240 1675 dona

267 1702 407 1762 coelestis
430 1718 509 1774 spem
529 1700 634 1775 gaudii.
877 1701 1053 1775 Angelorum
1073 1701 1155 1763 solio.

170 1808 198 1867 3.
222 1806 279 1864 Res
301 1805 441 1876 miranda,
462 1803 538 1876 quod
560 1802 657 1875 puella
783 1803 812 1861 7.
835 1802 966 1862 Cbristus
989 1803 1109 1862 clamat:
1134 1809 1195 1862 esto
1219 1801 1311 1876 fortis,

264 1891 353 1948 Foret
374 1889 469 1947 brevis
492 1889 630 1961 temporis
878 1887 922 1945 De
944 1889 1075 1961 supernis
1097 1888 1211 1962 finibus,

225 1974 332 2048 Fortis,
355 1980 487 2033 constans
508 1978 608 2032 contra
630 1973 707 2030 bella
835 1972 897 2054 Nec
917 1980 945 2030 00
968 1973 1064 2031 turbet
1085 1974 1171 2032 timor
1192 1976 1301 2046 mortis,

269 2061 350 2119 Dura
372 2061 415 2118 sui
439 2060 576 2132 corporis,
880 2058 953 2116 Nam
977 2075 1039 2116 cum
1062 2060 1132 2116 meis
1155 2059 1265 2118 civibus

224 2145 265 2206 Ut
286 2145 387 2203 sedere
409 2150 506 2218 posset
528 2145 602 2203 cella
836 2143 968 2201 Manebis
990 2145 1099 2216 apertis
1121 2146 1212 2216 portis

269 2231 348 2289 Coeli
368 2231 475 2289 sanctis
498 2230 617 2290 civibus.
877 2230 957 2290 Coeli
977 2231 1113 2302 gaudens,
1136 2230 1205 2289 lilia.

170 2337 200 2396 4.
223 2333 342 2405 Quando
364 2349 481 2406 praeses
503 2332 665 2390 minabatur
784 2335 812 2393 8.
838 2331 939 2390 l'unde
960 2348 1061 2403 preces
1085 2334 1218 2404 creatori,

268 2417 380 2479 Inierre
401 2418 582 2490 supplicium,
877 2420 984 2490 Agnes,
1007 2419 1037 2475 in
1060 2418 1183 2477 articulo

224 2507 320 2578 Agnes
343 2510 437 2561 mente
459 2502 620 2561 laetabatur
835 2503 949 2577 Mortis,
971 2507 1012 2574 ut,
1037 2519 1100 2560 cum
1124 2504 1207 2561 detur
1230 2503 1313 2575 mori,

268 2590 400 2647 Divinum
423 2589 559 2645 auxilium
879 2587 1010 2660 Expulso
1033 2588 1148 2647 diabolo

226 2676 350 2746 Rogans,
374 2673 449 2746 quod
472 2691 489 2731 a
511 2674 573 2730 Deo
595 2673 680 2730 datur
839 2673 931 2732 Chaos
952 2690 1008 2730 non
1030 2672 1092 2732 iero
1113 2673 1205 2731 dolori

266 2759 357 2816 iustis
380 2765 409 2815 et
430 2757 574 2816 fidelibus.
879 2758 1038 2831 iungamur
1059 2760 1212 2831 ergastulo.

523 2863 551 2919 9.
576 2858 710 2917 Trinitati
732 2861 832 2918 laudes
856 2862 964 2933 demus,

616 2945 705 3013 Patri,
727 2951 802 3022 nato,
826 2943 943 3018 flamini,

573 3029 613 3087 Et
633 3030 662 3087 in
685 3030 756 3101 ipsis
779 3032 952 3089 exsultemus

617 3114 813 3188 Supplicaudo
834 3117 953 3193 numini,

577 3202 618 3262 Ut
639 3217 702 3259 cum
725 3203 832 3260 sanctis
854 3202 1015 3261 habitemus

619 3289 676 3346 Per
697 3293 814 3346 aeterna
836 3291 959 3347 saecula.

243 3404 320 3452 Brev.
339 3403 497 3454 Celsonense
516 3406 578 3468 imp.
601 3404 826 3470 Caesaraugustae
847 3403 919 3455 1514.
938 3432 971 3439 -
993 3403 1014 3464 l,
1032 3403 1049 3455 2
1066 3404 1170 3455 Laudes
1189 3419 1305 3454 consors.
1318 3432 1350 3439 —

173 3472 224 3521 Str.
249 3470 264 3521 1
291 3472 358 3520 muss
376 3473 532 3523 vermutlieb
551 3499 585 3508 -
602 3473 647 3522 des
667 3474 761 3522 Simuos
781 3475 881 3523 sowohl
900 3474 939 3523 als
957 3475 1003 3523 des
1023 3477 1126 3524 Reimes
1142 3488 1232 3540 wegen
1252 3498 1283 3508 -
1303 3488 1351 3521 ror

173 3542 224 3659 {tri
252 3538 268 3590 6
293 3540 392 3590 slehen.
416 3570 448 3577 -
471 3540 499 3604 8,
527 3540 544 3590 4
567 3542 670 3603 Liiclre;
692 3542 799 3592 diabolo
824 3545 938 3608 orgrinct.
965 3569 996 3577 -
1022 3543 1169 3592 Versusser:
1197 3543 1351 3605 Anonymus

186 3611 209 3658 ’0
222 3611 349 3659 soriensis.

577 3809 618 3864 89.
655 3808 693 3864 lle
712 3811 813 3866 saucia
831 3810 946 3882 Agnete.

626 3947 655 3998 10
674 3947 754 4015 Vesp.
773 3955 800 4001 00
817 3947 901 4000 Laud.

181 4089 210 4146 1.
233 4087 314 4158 Agne
335 4085 399 4160 Dei,
422 4100 578 4158 perquem
602 4089 644 4145 rei
791 4093 819 4148 2.
844 4089 903 4145 Fac
926 4106 976 4146 nos
999 4086 1098 4160 fortes,
1121 4095 1153 4146 ut
1176 4094 1321 4147 consortes

275 4171 431 4228 Solvuntur
453 4188 527 4228 nexu
550 4173 708 4248 criminum,
835 4229 839 4238 ,
887 4174 983 4232 Sancti
1006 4175 1093 4231 simus
1113 4175 1142 4231 in
1165 4175 1261 4247 putria

230 4257 361 4314 Clemens
383 4256 451 4314 audi
473 4263 502 4313 et
524 4258 637 4329 exaudi,
846 4260 1019 4317 Chorearum
1042 4260 1222 4332 pudicarum,

272 4344 738 4416 lesu,coronavirginum.
818 4398 821 4404 ,
888 4345 955 4415 Qui
978 4345 1353 4417 pascisintorlilia
