2918 4868
619 283 851 349 -141-

529 503 590 561 230.
627 504 665 561 llo
683 507 779 561 sancto
800 503 938 563 Gabriele.

614 642 658 696 Ad
675 643 848 697 Nocturnum.

145 786 172 844 1.
197 785 259 842 liae
281 783 372 842 noctis
393 784 472 856 bora,
496 784 623 859 Gabriel,
762 790 790 846 4.
813 786 861 845 Ad
884 788 1021 860 virginem
1045 794 1076 847 tu
1098 789 1201 847 missus
1223 803 1253 845 cs

200 872 260 941 Qua
284 871 385 942 pangis
406 869 472 928 altis
492 870 613 943 gloriam
813 872 950 930 Dicturus
970 873 1030 932 alta
1052 875 1181 948 mystica,

199 958 300 1015 Pacem
323 955 462 1029 bonisque
485 956 607 1026 nuntias,
812 957 935 1016 Gnatum
955 958 1009 1016 Dei
1031 975 1103 1032 quae
1125 960 1253 1033 gigneret

198 1042 239 1100 'l'e
263 1059 314 1100 nos
337 1058 481 1112 canamus,
501 1041 608 1099 inclite.
813 1043 950 1102 Mensura
973 1060 1086 1117 semper
1107 1045 1228 1118 integra.

143 1148 171 1206 2.
194 1145 238 1203 Tu
259 1143 374 1203 Danieli
396 1133 517 1218 niystica
761 1150 789 1207 5.
810 1145 919 1220 loseph
942 1148 1048 1204 volenti
1067 1147 1196 1220 linquere

195 1233 310 1289 Arcana
332 1230 435 1303 pandis
458 1230 590 1306 plurima,
812 1231 945 1290 Sanctam
970 1249 1106 1306 suamque
1129 1232 1276 1304 conjugem

195 1315 304 1374 Futura
326 1332 398 1389 qnae
421 1316 479 1374 sint
501 1316 633 1389 posteris,
812 1317 982 1391 Apparuisti
1005 1317 1164 1391 proferens,

196 1401 393 1458 Hebdomadis
412 1401 483 1459 baec
507 1409 682 1475 computans.
811 1404 927 1461 Plenam
950 1402 1038 1461 fuisse
1060 1403 1184 1466 flamine.

144 1506 172 1559 3.
196 1503 240 1561 Tu
261 1504 417 1562 Zachariae
440 1506 553 1563 nuntias
758 1509 786 1565 6.
811 1505 926 1564 Summo
949 1506 1011 1565 Deo
1035 1506 1073 1564 sit
1095 1507 1195 1583 gloria,

195 1589 279 1647 llnnc
305 1589 479 1647 nasciturum
503 1590 602 1665 filium,
810 1594 898 1664 Quem
921 1592 1021 1650 laudat
1040 1593 1131 1650 omnis
1154 1593 1282 1666 angelus,

196 1674 332 1747 Magnum
355 1675 524 1747 iohannem,
547 1676 650 1735 lucifer
813 1677 995 1736 Tersanctus
1007 1685 1060 1755 cst,
1077 1677 1320 1754 huncclamitans,

197 1760 249 1830 Qui
273 1759 380 1818 Christi
403 1757 477 1818 foret
499 1762 641 1834 praevius.
812 1764 866 1834 Qui
889 1764 981 1822 trinus
1000 1771 1044 1822 est
1065 1771 1094 1823 et
1115 1764 1225 1827 unicus.

214 1881 291 1928 Brev.
311 1879 469 1929 Zamureuse
486 1882 548 1945 imp.
570 1876 646 1929 15⁰.

523 2113 577 2172 231.
614 2115 652 2171 lle
672 2117 769 2171 saneto
793 2114 933 2172 Gabriele.

649 2251 693 2305 Ad
710 2251 826 2306 Laudes.

143 2397 171 2459 1.
194 2397 218 2456 0
241 2395 358 2456 Gabriel
380 2395 559 2470 archangele,
760 2400 789 2458 3.
813 2397 868 2471 Qui
889 2413 1003 2469 semper
1023 2396 1141 2455 adstans
1163 2412 1194 2453 es
1216 2394 1287 2460 Deo,

194 2482 439 2557 archangelorum
462 2482 591 2554 maxime,
812 2483 911 2541 Nostri
933 2481 1114 2553 memoraie,
1145 2496 1323 2554 quaesumus,

195 2568 332 2627 Caelestis
356 2569 438 2626 aulae
459 2569 568 2638 nuntie,
812 2571 870 2628 Pro
892 2568 977 2642 plebe
997 2568 1111 2627 Christo
1130 2567 1271 2640 supplica,

198 2654 335 2726 Princeps
359 2655 418 2726 poli
442 2653 604 2712 fortissime.
812 2656 890 2726 Quae
911 2660 940 2711 te
962 2661 1045 2711 vocat
1067 2670 1130 2710 cum
1152 2651 1294 2711 laudibus.

141 2758 171 2817 2.
194 2756 360 2815 Pastoribus
382 2763 412 2813 tu
434 2756 568 2830 gaudium
759 2761 788 2816 4.
811 2757 857 2815 Da
879 2756 966 2815 robur
987 2757 1016 2813 in
1040 2756 1203 2824 certamine,

194 2842 355 2900 Annuntias
377 2859 460 2915 quam
483 2843 651 2902 maximum:
814 2843 965 2901 Vincamus
988 2843 1083 2899 hostes
1105 2842 1219 2900 Tartari

195 2927 249 2984 Est
271 2935 353 2985 uatus
376 2927 471 2986 infans
493 2928 669 2999 Bethlehem,
814 2929 852 2986 Et
874 2928 967 2986 earnis
989 2928 1179 2987 oblectamina

195 3012 334 3081 Salvator,
357 3013 460 3086 inquis,
483 3015 616 3074 omniurn.
813 3015 970 3087 Mundique
993 3020 1096 3072 cuncta
1116 3029 1264 3085 prospera.

503 3121 531 3177 5.
556 3118 671 3175 Summo
694 3117 755 3175 llco
778 3117 814 3175 sit
838 3117 939 3190 gloria.

212 3235 288 3282 Brev.
306 3234 464 3284 Zamorense
481 3236 543 3299 imp.
564 3230 641 3284 15⁸.

535 3470 597 3527 232.
632 3471 670 3527 llo
689 3472 786 3527 sancto
805 3470 932 3542 tic-argio.

594 3609 635 3663 hd
654 3609 733 3678 Vesp.
752 3616 779 3663 et
796 3609 874 3663 Noct.

148 3752 177 3812 1.
200 3750 224 3809 0
247 3749 328 3807 miles
351 3758 381 3809 tu
403 3749 568 3827 fortissime,
765 3757 793 3812 8.
817 3754 862 3810 Tu
884 3751 1046 3822 suscitator,
1072 3751 1193 3825 lorraine,

198 3836 250 3906 Qui
277 3835 366 3893 vineis
390 3842 492 3894 cuncta
514 3836 632 3908 scelera,
815 3838 971 3896 Multorum
994 3837 1182 3911 morientium,

202 3920 347 3979 Conserva
370 3939 421 3979 nos
444 3922 656 3995 promptissime
814 3925 848 3981 ln
872 3922 978 3981 Christi
1001 3928 1100 3980 sancto
1123 3925 1234 3982 nomine

201 4006 361 4064 Procurans
384 4008 462 4079 pacis
488 4006 615 4067 foedera.
815 4007 930 4066 Turbae
953 4008 1051 4065 reddis
1074 4009 1237 4069 viventium.

147 4111 176 4166 2.
199 4108 304 4183 Georgi
327 4110 531 4180 strenuissime,
762 4113 790 4171 4.
815 4110 961 4168 idolorum
983 4109 1086 4168 fictitia

201 4195 257 4253 Per
279 4201 381 4253 cuncta
403 4196 501 4254 mundi
524 4197 639 4255 climata
816 4196 905 4253 lllista
928 4194 1009 4254 falsis
1033 4196 1226 4273 decisionibus,

201 4281 291 4339 Prece
314 4291 360 4339 tna
385 4281 562 4339 sanctissime
815 4282 1022 4352 Imperatorum
1046 4283 1114 4338 vitia

202 4365 313 4439 Rumpe
339 4366 471 4425 draconis
494 4367 657 4430 schismata.
815 4366 936 4439 Rumpis
959 4367 1014 4424 tuis
1037 4365 1225 4424 sermonibus.
