2918 4868
604 235 815 300 ,52-

378 415 407 474 3.
430 412 592 485 Martyrum
614 411 685 469 nulli
707 408 762 468 tuit
781 411 841 469 nlla
862 424 955 482 poena

430 499 532 570 Tanta,
555 502 695 555 tortorum
717 512 805 571 genus
828 512 910 554 omno
933 495 1061 567 quamvis

430 583 546 644 Ferreis
568 582 648 640 uncis
670 582 812 640 laceraret
833 587 912 640 artus

473 667 608 740 Corporis
631 683 737 744 omnes,

377 776 407 832 4.
430 771 501 831 Cum
523 771 588 843 pins
609 775 736 828 nostram
758 769 858 827 sitiens
880 770 1000 828 salutem

430 858 487 916 Ore
515 855 649 914 clamavit
670 855 764 914 sitio
785 861 907 927 sacrato,

425 943 465 1002 Et
486 941 565 1000 ferus
587 941 669 999 miles
691 942 758 999 tulit
779 941 817 999 ad
839 940 993 999 bibendum

471 1027 524 1086 Fel
547 1033 576 1084 ct
597 1030 718 1085 acetum.

378 1135 407 1193 5.
432 1130 561 1188 Gloriam
584 1129 661 1201 patri
684 1127 841 1187 tribuamus
863 1142 961 1186 omnes

432 1214 471 1273 Et
494 1216 557 1286 pias
579 1214 679 1274 laudes
701 1215 795 1288 genito
817 1214 957 1286 simulque

428 1300 577 1360 Pneumati
600 1304 708 1372 sancto,
731 1299 863 1373 genitrici
886 1297 991 1373 stipsi

471 1387 577 1444 Demus
598 1385 744 1448 honorem.

202 1506 279 1555 Brov.
298 1505 575 1571 caesaraugustanum
593 1505 655 1569 imp.
674 1505 900 1568 Caesaraugustae
919 1497 993 1551 1544.

514 1663 551 1723 ot.
587 1664 619 1722 ln
638 1662 829 1722 transfixione
845 1665 923 1723 BMV.

603 1784 647 1838 Ad
665 1784 836 1840 Nocturnum.

325 1914 352 1973 1.
375 1913 467 1970 Laeta
489 1926 562 1985 quac
584 1910 663 1969 nullo
684 1911 796 1983 peperit
820 1911 927 1986 dolore,

377 1998 491 2057 Moesta
512 2013 586 2055 nnnc
608 2012 723 2070 passum
746 1996 826 2055 videt
848 2002 877 2054 et
899 2006 1055 2069 cruentum,

379 2084 495 2142 vertice
516 2100 534 2141 a
555 2096 638 2142 sacro
659 2081 743 2155 pedis
765 2097 854 2154 usquo
875 2082 1003 2155 plantam

422 2169 548 2228 Vulnera
569 2167 657 2228 mille.

322 2277 352 2333 2.
376 2274 454 2345 Quas
476 2270 555 2344 prius
577 2270 662 2329 matri
684 2268 798 2329 fucrant
819 2271 957 2345 levamen,

379 2358 475 2417 Verba
497 2372 572 2415 nnnc
593 2372 676 2415 versa
694 2356 724 2413 in
747 2356 862 2415 nimium
887 2356 1013 2414 dolorem

379 2442 514 2502 Excitant
537 2442 634 2500 tristes
656 2442 777 2515 gemitus
799 2448 827 2499 et
849 2446 957 2515 angunt

420 2528 539 2585 Viscera
560 2532 669 2588 sancta

323 2633 353 2694 3.
374 2630 461 2706 Ecce,
482 2645 547 2688 nam
568 2629 650 2703 dixit,
674 2628 806 2702 genitrix,
828 2630 951 2704 alumno,

379 2716 460 2774 Haec
481 2714 543 2787 tibi,
568 2722 597 2773 et
616 2715 717 2776 matri:
742 2715 852 2786 mulier,
876 2722 940 2773 tuus
959 2716 1018 2786 jam

380 2800 472 2859 Filius
494 2799 582 2860 stabit
605 2801 671 2874 pius
693 2800 747 2858 iste
768 2800 798 2858 in
820 2800 896 2858 omni

422 2886 564 2959 Tempore
586 2886 671 2947 vitae.

325 2991 354 3049 4.
377 2989 459 3047 Illius
479 2990 540 3061 jam
562 2993 630 3046 tunc
651 2988 773 3048 animam
796 2989 938 3046 dolentem

382 3075 510 3133 Transiit
531 3090 629 3132 mucro
651 3073 791 3133 Simeonis
809 3090 859 3132 ore

382 3159 484 3218 Dictus
506 3160 535 3217 io
559 3161 675 3233 templo,
698 3176 817 3233 puerum
840 3160 949 3233 recepit

425 3246 496 3304 Cum
518 3262 605 3318 super
626 3246 717 3304 ulnas.

327 3352 356 3409 5.
381 3347 509 3406 Gloriam
531 3348 609 3420 patri
631 3346 790 3405 tribuamus
812 3362 910 3404 omnes

380 3433 420 3491 Et
438 3433 503 3506 pias
522 3433 622 3492 laudes
642 3433 737 3507 genito
759 3432 899 3505 simulque

384 3518 532 3577 Pneumati
555 3524 663 3590 sancto,
687 3517 816 3592 genitrici
840 3517 946 3589 stipsi

422 3602 530 3661 Demus
553 3604 697 3664 honorem.

203 3723 279 3773 Brcv.
298 3722 574 3785 caesaraugustanum
592 3720 654 3784 imp.
673 3718 898 3786 Caesaraugustae
919 3717 991 3771 1544.

556 3883 598 3940 52.
638 3881 677 3939 iio
694 3883 805 3941 Pietate
822 3884 879 3940 vot.

583 4005 626 4058 nd
646 4006 726 4076 Vesp.
745 4012 772 4061 et
788 4006 865 4061 Noct

137 4133 163 4195 1.
188 4130 320 4191 Intrabat
342 4131 384 4188 sol
407 4146 543 4188 oceanum
749 4136 777 4192 2.
801 4131 944 4203 Quaevis
967 4132 1071 4191 amoris
1095 4131 1186 4204 potuit

189 4217 359 4276 Causantem
381 4223 493 4273 noctem
515 4232 643 4292 vespera,
800 4219 848 4276 Ad
872 4217 926 4275 hoc
948 4224 985 4289 tc,
1010 4223 1084 4288 note,
1107 4217 1231 4289 vincere,

190 4304 260 4361 Cum
284 4307 375 4360 morte
398 4302 512 4375 plexum
535 4318 638 4375 aspera
805 4303 843 4362 Ut
867 4302 938 4360 illud
962 4303 1034 4361 mori
1056 4302 1183 4372 tolleres,

191 4386 349 4464 Plangebat
368 4393 461 4447 mater
482 4388 604 4450 unicum.
803 4388 885 4464 Quod
906 4388 962 4449 ista
983 4388 1100 4447 moestis
1121 4387 1236 4462 genuiti
