2918 4868
612 277 647 288 —
694 243 844 308 223-

130 419 158 478 7.
181 416 341 476 Pisciculus
361 417 424 475 alec
444 416 514 474 vivit
749 421 777 480 8.
801 420 859 479 Pro
881 419 1015 492 peccatis,
1039 436 1111 493 quae
1132 421 1262 494 nescivit,

184 503 218 560 ln
240 502 328 561 maris
352 502 441 578 largis
464 500 606 571 fluctibus,
803 504 866 563 Nec
887 505 970 564 malis
993 522 1044 564 usa
1066 504 1216 577 fructibus,

185 587 233 647 Sic
255 595 304 646 tua
325 603 405 646 mens
429 594 529 646 sancta
548 588 633 646 scivit
804 590 914 649 Poenas
937 591 1056 649 sufferre
1078 592 1219 664 quaesivit

184 674 303 733 Manere
326 674 391 732 viva
413 673 547 734 luctibus.
805 676 907 737 cordis
928 676 1033 735 amaris
1057 677 1199 735 ductibus.

530 797 559 856 9.
580 793 681 853 Gloria
703 796 780 867 patri
802 796 928 855 Domino

583 880 712 953 Ejusque
733 881 889 955 unigenito,

585 965 756 1024 Procedenti
777 967 918 1040 paraclito

583 1050 629 1109 Ex
652 1057 736 1124 patre
758 1058 844 1125 atque
866 1052 972 1127 genito.

80 1186 82 1190 ·
198 1171 274 1220 Brsv.
293 1168 356 1219 Ord.
375 1167 401 1219 S.
420 1171 523 1219 Marias
540 1168 573 1218 du
582 1169 704 1219 Mamuda
722 1170 784 1234 imp.
798 1170 923 1236 Lugduni
944 1166 1018 1221 1560.
1037 1196 1069 1204 -
1087 1168 1112 1230 4,
1131 1167 1148 1221 2
1166 1172 1267 1237 puguit.
1283 1198 1311 1205 -

70 1274 77 1284 .
128 1236 154 1299 4,
171 1235 189 1289 4
205 1237 228 1287 Α
246 1237 296 1289 Dei
314 1238 433 1302 fungaris
451 1237 568 1303 speculo.
587 1264 620 1272 -
638 1235 662 1300 9,
680 1234 697 1289 3
720 1239 961 1305 Prooedentsmque
981 1241 1102 1290 Domino.

522 1454 583 1513 894
625 1455 660 1512 lle
678 1457 778 1512 sancta
796 1454 916 1512 llartha.

617 1592 661 1647 Ad
678 1593 819 1662 vesperas.

137 1735 164 1795 1.
187 1737 267 1804 Jesu,
291 1735 386 1792 lumen
410 1735 445 1793 do
466 1735 582 1807 lumine,
753 1737 782 1796 4.
804 1734 915 1794 Ambae
938 1736 1083 1808 placentes
1106 1735 1238 1808 Domino,

185 1819 264 1878 Deus
288 1819 325 1879 de
345 1820 407 1879 Deo
431 1821 557 1889 veniens,
806 1820 936 1893 Utraque
958 1821 1044 1880 vitam
1069 1821 1208 1893 redolent,

185 1904 307 1964 Carnem
330 1907 452 1978 sumpsit
475 1906 512 1964 de
534 1907 645 1980 virgine
805 1907 938 1965 dativum
959 1907 1078 1966 Martha
1100 1906 1227 1978 denotat,

186 1991 227 2049 Et
250 2006 335 2050 serus
357 1992 441 2050 homo
465 1989 557 2051 iaetus
581 1999 635 2056 est.
807 1992 1063 2064 Contemplativam
1087 1992 1206 2064 reliqua.

131 2113 161 2171 2.
186 2110 298 2169 Deinde
321 2117 505 2170 conversatus
528 2117 570 2170 ast
751 2116 780 2172 5.
804 2111 852 2170 Sic
874 2118 973 2170 nostra
994 2111 1045 2169 fiat
1066 2112 1151 2182 actio,

190 2197 223 2254 ln
247 2196 333 2254 terris
356 2212 420 2255 cum
443 2198 612 2276 homiuibus,
804 2199 849 2257 Ne
872 2197 959 2255 cadat
981 2197 1193 2274 contemplatio,

191 2281 229 2340 Se
251 2281 362 2358 videns,
386 2283 516 2353 credens,
540 2283 662 2356 diligens
804 2283 846 2344 Ut
868 2287 1058 2341 sustentemur
1081 2281 1204 2340 victibus

187 2367 304 2426 Martha
325 2368 436 2441 recepit
457 2369 608 2442 hospitem.
804 2369 843 2428 Et
866 2368 1029 2441 placeamus
1052 2367 1183 2429 Domino.

135 2491 164 2549 3.
189 2488 277 2546 Soror
296 2488 333 2546 ad
356 2488 445 2562 pedes
467 2489 583 2547 Domini
750 2493 779 2552 6.
803 2489 934 2547 Praestet
957 2488 1011 2546 hoc
1031 2494 1115 2560 pstor
1136 2489 1260 2562 optimus

193 2574 344 2633 Sermones
368 2575 429 2647 ejus
451 2574 570 2632 audiam
804 2575 861 2633 Per
882 2576 981 2635 lesum
1004 2573 1148 2633 Christum
1171 2573 1271 2652 filium,

189 2659 227 2717 Et
249 2659 366 2718 Martha
388 2667 451 2718 erat
473 2666 606 2733 satagens
803 2659 857 2732 Qui
879 2676 975 2718 secum
996 2659 1026 2717 in
1050 2667 1218 2733 perpetuum

188 2745 236 2803 Ad
259 2742 393 2817 frequens
415 2745 612 2806 ministerium.
805 2746 918 2819 Regnat
940 2762 1003 2804 cum
1026 2751 1126 2805 sancto
1148 2745 1261 2819 spiritu.

205 2864 281 2912 Brev.
303 2880 350 2913 ms.
369 2864 525 2914 Zamorenss
549 2879 617 2914 saon.
642 2859 682 2913 15.
709 2862 774 2914 Cod.
795 2864 883 2930 Capit.
902 2864 1037 2916 Zarnorsn.
1056 2880 1076 2914 s.
1095 2880 1121 2914 n.
1139 2863 1170 2914 Δ.
1189 2892 1221 2900 -
1239 2865 1315 2914 Brun.

133 2929 307 2982 Cordubense
324 2934 387 2998 imp,
405 2932 514 2998 Hispali
535 2929 609 2984 1524.
627 2933 657 2982 B.
676 2959 709 2968 —
727 2930 752 2995 5,
770 2929 786 2982 2
804 2933 860 2983 Nec
877 2931 955 2983 cadat
974 2933 1005 2983 A.
1023 2958 1056 2967 -
1074 2929 1098 2994 5,
1116 2929 1134 2983 4
1152 2931 1189 2983 Et
1206 2930 1272 2983 fehlt
1283 2931 1314 2983 Δ.

528 3149 588 3208 395.
627 3149 666 3208 ltu
684 3151 784 3218 sande
800 3150 919 3208 llartha

607 3288 650 3343 Ad
668 3289 841 3343 Noctumum.

136 3429 162 3488 l.
184 3430 264 3505 lesu,
277 3445 410 3488 ¹coronae
433 3429 583 3503 virginum,
751 3434 779 3492 3.
804 3430 884 3488 Haec
906 3434 1013 3502 quanta
1035 3428 1088 3486 Dei
1109 3428 1232 3501 bonitas,

187 3514 305 3573 Martha
326 3513 395 3571 fecit
417 3515 587 3587 convivium,
802 3517 914 3589 Quanta
937 3513 1156 3588 magnificentia,

190 3599 337 3658 Laudatur
358 3598 538 3658 omnifariam
804 3601 947 3660 Christum
971 3599 1080 3672 recepit
1102 3616 1155 3673 per
1178 3600 1262 3673 dium,

189 3684 244 3742 l‘er
265 3684 354 3744 verba
376 3687 551 3758 evangelica.
804 3686 935 3745 Christus
958 3701 1019 3743 eam
1042 3701 1095 3757 per
1116 3687 1240 3748 saecula.

135 3807 164 3864 2.
187 3806 276 3875 Quem
297 3805 407 3877 recepit
428 3805 561 3879 hospitio,
751 3811 781 3867 4.
805 3806 834 3864 Si
859 3806 1002 3865 Christum
1027 3805 1218 3878 receperimus

189 3889 258 3949 Cum
282 3890 398 3950 Christo
420 3897 478 3950 stat
500 3891 528 3949 in
551 3892 656 3965 gaudio
806 3893 838 3950 ln
861 3893 972 3950 animae
995 3890 1127 3964 hospitio,

188 3975 272 4034 Vitae
291 3976 426 4048 perennis
448 3976 556 4049 gloriae
803 3977 844 4036 Et
865 3977 927 4051 ispa
950 3994 1001 4034 uos
1024 3976 1144 4048 recipiet

190 4064 222 4121 ln
245 4061 361 4119 coelesti
383 4062 499 4135 palatio.
804 4063 836 4120 lu
859 4064 922 4121 loco
944 4077 1012 4120 suae
1033 4061 1149 4135 gloriae.

467 4186 495 4246 5.
518 4183 647 4241 Praestet
670 4184 724 4241 hoc
746 4187 830 4255 pater
851 4182 984 4255 optimus.

203 4299 279 4349 Brun.
302 4315 349 4350 ms.
368 4300 525 4350 Zamorenso
553 4317 620 4350 saec.
646 4299 685 4351 15.
712 4298 776 4349 Cocl.
795 4301 882 4365 Capit.
900 4301 1034 4349 Zamuren.
1055 4315 1076 4346 s.
1095 4315 1118 4346 n.
1138 4299 1168 4347 Α.
1188 4325 1220 4333 -
1238 4299 1313 4348 Brav.

137 4366 302 4418 Cordubense
321 4370 383 4430 imp.
403 4369 510 4433 Hispali
530 4366 603 4419 1524.
616 4370 645 4419 B.
664 4395 698 4404 —
719 4367 740 4430 l,
760 4363 893 4418 3Luudat
905 4368 935 4416 Α.
956 4397 986 4404 -
1005 4365 1030 4429 2,
1051 4364 1152 4427 lQune
1170 4366 1270 4431 reecpit
1283 4365 1312 4415 A.
