2918 4868
638 251 852 315 ..0ss-

158 425 263 474 Darsuf
278 425 344 488 folgt
362 424 463 475 ebenda
481 425 549 475 noch
567 422 703 490 folgender
720 424 855 474 Prosellus
873 419 943 488 isici:

500 512 579 561 Miles
598 511 698 562 Christi
716 511 839 575 gloriose,

535 585 635 644 martyr
652 579 725 630 Blasi
745 580 917 636 sanctissime,

498 649 556 698 'l'uo
576 649 620 713 pio
641 649 790 697 interventu

532 717 624 781 cnlpae
641 721 747 766 nostras
765 715 857 777 ablu03

501 786 587 847 Salve,
607 787 690 834 nostri
709 789 779 834 tutor
798 785 909 848 egregie,

504 855 584 904 Salva
602 858 663 904 tuae
681 852 825 915 gaudentes
842 851 951 918 gloriae,

503 925 540 974 Ut
556 923 679 972 coelestis
698 923 772 987 regni
791 920 879 971 sedem

534 991 669 1040 valeamus
688 990 821 1040 scandere.

160 1078 192 1127 In
212 1072 334 1126 Lauda
361 1074 383 1140 l,
411 1075 575 1141 chgnnvit
593 1078 621 1126 C.
645 1101 677 1109 -
701 1074 722 1122 Α
748 1073 769 1134 l,
793 1071 810 1124 2
834 1078 928 1138 regnat
948 1073 1013 1123 t'ehlt
1031 1073 1135 1129 BCLN;
1160 1076 1343 1125 sanctissimus

160 1145 265 1195 Blasius
278 1142 306 1195 C.
326 1170 360 1179 -
380 1141 400 1192 Α
421 1143 445 1204 2,
464 1141 651 1204 mutilando,
671 1144 826 1194 exsultando
846 1142 937 1193 laudat
949 1143 979 1191 L.
998 1168 1031 1176 -
1050 1139 1067 1189 Α
1085 1140 1109 1201 3,
1128 1140 1209 1205 3Qui
1223 1143 1342 1193 Blucium

160 1220 232 1262 tuum
254 1215 291 1275 D,
317 1215 435 1264 Blasium
453 1219 555 1263 tanttnn
574 1214 610 1274 0;
630 1214 748 1263 Blasium
768 1214 850 1262 tantis
868 1213 901 1262 N.
926 1236 958 1244 —
984 1208 1001 1258 Α
1019 1208 1045 1274 5,
1065 1209 1077 1260 l
1096 1212 1216 1262 Laudato
1233 1212 1343 1277 dignum

160 1282 266 1331 laudato
285 1283 369 1331 Deum
388 1285 424 1345 ss;
452 1282 569 1332 Laudato
589 1281 697 1348 dignum
716 1281 822 1331 laudate
841 1282 937 1339 Deum,
960 1280 1035 1344 cujus
1052 1280 1171 1330 laudatio
1190 1281 1227 1342 N3
1251 1280 1344 1331 Laude

161 1350 269 1415 dignum
292 1350 369 1399 laude
388 1352 473 1400 Deum
492 1350 528 1412 C,
552 1351 643 1400 Laude
666 1350 774 1417 dignum
793 1349 884 1400 laudet
902 1351 996 1399 Deum.
1023 1374 1055 1382 -
1079 1346 1096 1396 t
1115 1347 1138 1410 5,
1158 1346 1174 1397 2
1192 1354 1297 1399 resonet
1314 1350 1343 1399 in

161 1420 265 1468 saecula
284 1419 317 1468 N.
335 1446 369 1455 —
390 1416 407 1466 t
425 1417 449 1480 5,
469 1415 485 1469 3
503 1419 606 1484 Datque
625 1420 702 1469 nobie
721 1419 769 1468 DN
778 1435 784 1483 3
802 1419 889 1482 Atque
909 1419 985 1468 nobis
1008 1417 1040 1479 C,
1059 1418 1171 1468 Etcum
1189 1418 1279 1468 Blasio
1299 1417 1345 1468 det

162 1487 239 1537 nobis
258 1488 288 1536 L.
308 1512 342 1521 -
363 1488 422 1537 Von
440 1487 491 1536 den
510 1487 614 1537 Laudes
632 1502 675 1550 an,
695 1487 768 1537 dices
786 1485 1002 1548 einschliesslich,
1021 1486 1087 1536 alles
1105 1487 1137 1536 de
1155 1487 1292 1537 Communi
1310 1485 1344 1535 A.

165 1581 194 1588 -
217 1554 260 1605 Ad
280 1556 369 1605 Horas
388 1553 424 1603 ΑΑ
442 1555 529 1606 fehlen
548 1556 673 1606 BDEFO.
692 1556 775 1605 -In
793 1552 818 1604 2.
831 1557 910 1621 Vesp.
926 1556 959 1605 ad
971 1556 1061 1619 Magn.
1080 1554 1125 1605 hat
1137 1556 1161 1605 D
1180 1554 1300 1620 folgende
1313 1551 1344 1604 A:

504 1641 584 1692 Salve
602 1644 709 1706 martyr,
728 1656 791 1691 vcra
812 1640 934 1702 salvatio,

503 1710 586 1773 Blasi,
605 1726 664 1775 spes
682 1713 773 1759 nostra
790 1715 817 1759 et
834 1713 970 1774 protectio,

503 1780 558 1829 Nos
577 1794 594 1828 a
613 1777 702 1827 mundi
721 1776 797 1827 salva
815 1779 953 1844 naufragio

503 1846 540 1897 Et
558 1847 697 1896 mundatos
715 1846 748 1896 ab
767 1849 839 1896 omni
856 1848 923 1896 vitio

502 1915 560 1965 Tuo
577 1913 645 1978 (nos)
661 1915 756 1980 dignos
774 1914 851 1965 redde
869 1916 1005 1979 obsequio.

540 2133 578 2191 ta
613 2131 948 2190 incensaturus.

284 2297 338 2356 Ad
362 2295 605 2355 Matutinum.

348 2415 542 2464 lavitatorium.

227 2517 371 2591 Principis
394 2517 531 2576 ecclesiae

269 2603 428 2662 recolentes
451 2602 525 2661 festa
547 2603 652 2676 venite,

228 2688 371 2746 Christum
394 2689 543 2747 laudemus

269 2773 444 2846 psalmisque
465 2774 509 2831 illi
529 2773 692 2845 jubilemus,

223 2857 277 2928 Qui
300 2858 386 2917 Petro
408 2859 532 2932 ingentis

269 2959 365 3002 curam
389 2943 530 3002 commisit
549 2944 643 3006 ovilis,

283 3149 324 3207 In
350 3149 378 3209 1.
402 3149 609 3210 Nocturna.

361 3267 537 3332 Antiphonae.

176 3370 205 3432 1.
230 3370 405 3430 Pontificalis
428 3389 501 3446 apex

270 3465 423 3516 veneratur
441 3459 507 3530 jure
529 3457 694 3528 cathedrae,

228 3541 317 3612 Quam
344 3544 468 3616 primum
490 3544 600 3601 meritis

272 3628 373 3687 Petrus
396 3630 564 3689 conscendit
586 3629 694 3687 herilis.

174 3732 204 3790 2.
227 3730 284 3788 Hic
305 3747 393 3804 super
415 3730 545 3789 excelsae

266 3816 376 3888 positus
397 3814 563 3876 fundamina
585 3822 685 3888 petrae

228 3901 359 3960 Moribus
381 3917 531 3973 exornans,

271 3986 386 4046 humilis
414 4003 484 4060 quos
507 3988 566 4046 vita
589 3995 725 4061 reportat.

175 4092 203 4151 3.
227 4090 408 4148 Antiocheae
429 4089 513 4166 polis,

271 4175 368 4234 divino
390 4175 496 4233 lumine
518 4175 586 4234 solis

228 4261 381 4337 irradiata,
403 4277 515 4320 sacrum

271 4348 358 4405 decus
367 4348 421 4406 hoc
432 4347 500 4406 colit
508 4348 599 4406 omnis
606 4349 726 4409 etorbis.

898 2297 939 2354 In
963 2298 991 2356 2.
1016 2295 1220 2357 Nocturno.

975 2413 1149 2478 Antiphonae.

792 2519 819 2579 1.
844 2517 937 2589 Hujus
960 2533 1064 2590 amore,
1088 2517 1177 2594 Deus,

886 2617 1033 2661 servorum
1060 2610 1140 2676 terge
1162 2609 1267 2675 reatus,

845 2687 894 2760 Ut,
918 2688 971 2746 tibi
994 2689 1042 2761 qui
1063 2688 1181 2763 placuit,

886 2775 1008 2847 placitos
1030 2790 1082 2832 nos
1105 2775 1227 2832 reddere
1242 2774 1343 2847 possit.

791 2912 820 2971 2.
844 2911 943 2971 Pande
964 2911 1019 2969 tuis
1043 2912 1146 2987 coelos,

887 3013 957 3069 quos
975 3011 1068 3069 serva,
1084 2997 1343 3074 numeratorum,

844 3081 889 3139 N'e
911 3081 964 3139 tibi
987 3082 1152 3141 commissos

885 3168 1005 3226 invadat
1027 3165 1148 3240 pestifer
1169 3184 1267 3242 agnos.

791 3308 820 3365 3.
844 3304 946 3362 Sidera
967 3319 1120 3362 scansurus

886 3390 1028 3463 terrisque
1043 3389 1109 3447 hinc
1125 3390 1201 3449 dona
1213 3389 1343 3459 daturus,

844 3476 920 3547 Quos
941 3475 998 3533 sibi
1021 3475 1116 3550 elegit,

886 3560 937 3618 tibi
951 3560 1091 3638 Christus,
1109 3562 1204 3637 Petra,
1220 3558 1343 3633 subegit.

900 3835 943 3894 In
966 3839 994 3898 3.
1019 3836 1223 3894 Nocturno.

972 3970 1149 4034 Antiphonae.

791 4094 817 4152 1.
842 4093 896 4166 Qui
919 4093 999 4167 regni
1022 4093 1117 4150 claves

887 4186 916 4234 et
938 4195 1035 4237 curam
1059 4183 1149 4252 gestat
1174 4178 1258 4237 ovilis

846 4264 982 4323 PracsnIe
1003 4279 1114 4338 quoque
1136 4264 1185 4337 pio

888 4350 963 4408 vitae
986 4355 1141 4408 renovatur
1162 4348 1251 4422 origo,
