2918 4868
607 273 842 337 -113-

322 447 508 512 Responsoria.

145 557 173 617 1.
196 555 241 612 De
262 553 369 612 virtute
391 551 420 609 in
444 551 578 609 virtutem

241 639 355 698 Sealarn
377 637 472 695 tendit
495 643 631 715 erectam,

196 725 364 784 Animarum
386 723 425 783 ad
446 724 568 782 salutem

239 811 276 870 Se
299 809 420 869 eontulit
441 815 610 883 correctam,

132 900 165 958 V.
194 897 279 957 Suam
301 896 364 954 Deo
385 895 551 954 servitutem

238 981 374 1041 Tradidit
395 980 565 1053 subjectam.

141 1123 170 1182 2.
194 1119 390 1192 Imperatricis
411 1118 503 1192 gloria

193 1206 275 1280 Jngis
298 1210 393 1263 manet
416 1205 553 1263 memoria

196 1291 350 1365 Repellens
373 1291 550 1361 transitoria,

132 1378 269 1450 V.,Laus
291 1378 406 1450 reginae
427 1375 489 1434 sino
511 1376 567 1435 fine

237 1463 355 1524 Cunctis
378 1462 574 1535 applausoria.

142 1605 171 1661 3.
194 1600 371 1659 Humilitatis
394 1598 504 1659 actibus

236 1686 392 1745 Humiliter
414 1685 575 1758 eompletis

194 1772 287 1844 Hujus
309 1771 397 1829 maris
418 1768 596 1831 anfractibus

235 1857 386 1916 Radicitns
411 1857 524 1916 deletis.

129 1943 164 2002 V.
191 1940 378 2001 Transfertur
398 1943 436 2002 ad
460 1942 580 2000 delicias

192 2028 232 2086 Et
253 2044 393 2101 perennes
416 2028 533 2087 divitias

235 2114 402 2187 Gonjunctis
425 2114 588 2186 locupletis.

274 2323 316 2382 Iu
339 2321 542 2382 Laudibus.

319 2440 495 2506 Antiphonao.

140 2544 167 2604 l.
191 2544 304 2619 Regnat
325 2546 425 2620 regina
448 2545 568 2604 coelitus

233 2631 303 2689 Cum
326 2632 429 2690 «iecore
451 2632 598 2704 virtutnm,

189 2717 330 2775 Mundum
353 2718 518 2791 relinquens
539 2717 655 2791 penitus

232 2803 378 2877 Contegiis
400 2805 550 2876 pollntnm.

137 2943 166 3001 2.
191 2942 224 2999 lu
245 2940 358 3014 hpmnis
381 2941 556 3001 confitemini

233 3028 339 3087 Omnes
361 3026 440 3086 orbis
462 3027 661 3101 Christicolae,

189 3111 262 3170 Nam
285 3112 357 3170 haee
379 3112 477 3186 regina
498 3115 605 3173 nemini

228 3198 344 3256 Morum
366 3197 490 3257 nocebat
510 3199 632 3265 incolae.

137 3337 165 3394 3.
191 3336 225 3394 ln
248 3335 405 3408 matutinis,
429 3335 563 3410 Domine,

233 3421 314 3480 Haec
336 3421 365 3479 in
388 3427 417 3479 te
439 3422 604 3497 meditatur,

185 3506 258 3577 Quia
279 3507 308 3565 iu
331 3512 380 3566 tuo
403 3507 518 3567 nomine

229 3593 368 3652 Feliciter
389 3594 523 3654 laetatur.

132 3731 161 3790 4.
185 3730 302 3788 Montes
326 3739 355 3789 et
376 3731 465 3790 colles
487 3731 617 3804 plaudite

226 3816 296 3875 Cum
319 3816 406 3876 laude
424 3816 595 3891 jubilantes,

190 3901 373 3974 imperatrici
395 3902 512 3962 inclitae

228 3987 334 4048 Souate
357 3996 579 4063 concrepantes.

135 4126 164 4183 5.
192 4125 365 4186 Collaudant
387 4143 485 4187 omues
507 4128 628 4201 spiritus

233 4211 324 4270 Deum
348 4214 466 4273 deorum
491 4214 648 4292 dominnm,

185 4298 277 4371 Quem
299 4300 411 4359 Helena
433 4300 573 4360 radicitus

232 4385 381 4455 Quaesivit
403 4386 480 4445 vitae
501 4386 663 4446 terminum.

171 4492 284 4545 Dreros,
299 4491 419 4547 ilpmuedis
432 4493 540 4536 Hiberica.
567 4491 595 4536 ll.

921 446 962 495 Ad
980 447 1145 499 Benedictus.

747 553 784 612 A.
809 553 833 612 0
856 551 1019 625 reginarum
1041 552 1198 624 speculum,

810 637 969 710 Exemplar
992 647 1021 696 et
1043 637 1214 711 vehiculum,

811 723 909 783 Virilis
931 722 1107 796 animositas,

811 808 948 868 blirauda
970 809 1146 880 virtuositas,

811 895 844 953 In
867 910 938 953 seru
961 895 1060 968 vigens
1082 893 1188 968 fragili,

811 983 846 1041 Iu
869 997 937 1039 vase
959 997 1078 1040 servans
1101 979 1183 1038 fictili

811 1065 920 1125 Christi
941 1083 1045 1126 manua
1066 1064 1274 1141 absconditum,

810 1153 889 1211 Arca
911 1152 1006 1211 cordis
1029 1151 1217 1224 reconditum,

811 1237 880 1313 Nos,
903 1238 1024 1315 Helena,
1048 1235 1095 1298 fac
1117 1238 1238 1310 provehi

809 1323 857 1384 Ad
880 1322 972 1381 locum
994 1323 1096 1382 summi
1118 1323 1225 1396 gandii.

787 1512 843 1570 Ad
864 1512 986 1570 Horas
1007 1512 1268 1584 Antiphonae.

933 1627 972 1678 Ad
991 1629 1116 1678 Primam.

809 1733 869 1792 Nos
890 1733 1002 1791 Helena
1024 1734 1166 1807 rogitante
1187 1735 1245 1812 pia,

851 1818 929 1877 Deus
951 1818 1035 1891 alme,
1063 1824 1153 1892 tuere,

808 1904 934 1964 Laetitia
956 1921 1020 1962 cum
1041 1903 1177 1964 dulciflua

851 1990 923 2049 lucis
945 1989 999 2048 tibi
1022 2007 1117 2050 verae.

936 2124 977 2176 dd
994 2125 1120 2174 Tertiam.

806 2229 988 2290 Intellectum
1011 2233 1129 2303 praesta
1151 2237 1273 2308 rectum,

850 2315 962 2373 Helena
982 2313 1076 2388 beata,

806 2400 847 2459 Ut
868 2416 1037 2473 quaeramus
1060 2406 1089 2458 et
1111 2400 1255 2460 diseamus

848 2486 955 2546 Divina
976 2486 1121 2545 mandata.

939 2620 979 2671 dd
998 2620 1114 2672 Sextum.

806 2725 899 2798 Super
920 2741 1004 2783 senes
1026 2724 1169 2783 intellexit

804 2811 844 2870 Et
865 2810 904 2871 ad
927 2811 1019 2870 Deum
1043 2827 1093 2870 cor
1115 2811 1224 2870 direxit

848 2899 883 2956 ln
906 2896 999 2955 crucis
1021 2897 1159 2956 memoria

849 2983 994 3056 Spernens
1018 2982 1193 3042 transitoria.

939 3116 979 3168 dd
998 3119 1111 3168 Nonam.

807 3223 889 3282 lianc
911 3223 989 3281 Dens
1011 3237 1029 3280 a
1051 3220 1200 3281 calumniis

846 3307 1000 3367 Hominum
1022 3306 1153 3383 redemit,

805 3392 1203 3466 mmmmmfflm

850 3479 985 3539 Inimicus
1007 3476 1113 3536 fremit.

866 3651 907 3710 In
932 3651 960 3710 2.
983 3649 1181 3723 vesperis.

919 3768 959 3819 Ad
977 3767 1138 3833 Magnificat.

745 3876 782 3936 A.
806 3875 830 3934 0
852 3889 937 3931 sexus
960 3871 1156 3944 imbecillitas,

851 3958 956 4033 Vigore
977 3959 1020 4016 sie
1043 3957 1152 4032 dotata,

809 4043 961 4103 Muliebris
984 4042 1137 4117 fragilitas,

854 4130 968 4190 Virtute
992 4130 1144 4202 decorata,

809 4213 941 4275 Perfecta
963 4221 1045 4290 patet
1066 4217 1184 4294 caritas,

808 4304 898 4374 Quam
922 4318 990 4362 vera
1012 4301 1090 4375 parit
1112 4301 1251 4361 sanctitas

851 4390 885 4449 In
909 4388 1023 4448 Helena
1047 4386 1142 4448 beata.

1114 4483 1131 4538 8
