2918 4868
609 248 841 347 -173'-

141 459 170 518 2.
199 457 305 515 Fertur
326 455 412 516 etiam
436 455 552 528 dixisse,
754 459 784 518 4.
807 457 897 515 Tuom
920 472 972 529 per
998 456 1187 515 inventionem

237 543 307 600 Post
330 542 414 600 talem
438 542 627 600 ostensionem
850 543 973 615 Largam
997 542 1223 600 benedictionem

192 627 248 684 Per
270 632 306 703 te,
325 634 418 700 pater,
443 627 602 699 percussise
807 628 948 700 consequi
969 632 1002 686 nt
1023 628 1176 700 valeamus,

237 711 322 770 Hunc
343 713 435 770 locum
459 728 511 785 per
533 713 669 770 visionem
851 714 892 771 Te
915 714 1069 771 clementer
1091 730 1251 784 exoramus,

276 799 373 871 Virga,
386 815 470 870 quam
483 800 699 858 manutenehos.
891 799 914 858 0
938 797 1084 857 confessor
1105 798 1256 856 benedicto

192 884 341 955 Temporis
364 883 417 941 suh
439 882 514 942 nube
536 884 622 942 taetri

233 968 317 1026 Hune
339 970 487 1027 Zamoram
511 970 673 1042 perduxisti

192 1054 236 1111 Ac
260 1054 295 1111 de
316 1054 361 1112 his
384 1054 459 1112 beati
486 1056 562 1113 Petri
807 1055 846 1113 Et
868 1062 899 1112 ut
921 1055 1037 1114 sedulus
1060 1061 1171 1112 erector

235 1139 361 1197 Basilica
383 1141 554 1211 instruxisti,
848 1141 1009 1213 Lapsorum
1031 1141 1071 1198 sis
1094 1147 1123 1198 et
1144 1145 1292 1212 protector

276 1224 334 1284 Ubi
356 1225 449 1283 latens
471 1226 647 1299 quiescehas.
893 1226 1025 1284 Civitatis
1047 1226 1220 1287 antedictae.

139 1349 166 1405 3.
190 1346 213 1405 0
237 1342 306 1402 felix
330 1346 480 1423 nuntiatio,
753 1350 780 1406 5.
806 1347 888 1405 lllum
912 1347 996 1420 pulsa
1018 1347 1067 1419 pio
1088 1362 1183 1419 prece,

232 1430 411 1490 Nuntiationi
436 1432 551 1497 Christi,
593 1438 597 1446 '
847 1434 925 1504 Quae
949 1439 978 1490 te
1000 1433 1119 1490 coelitus
1142 1430 1277 1503 contexit,

191 1517 231 1577 Ut
254 1515 377 1588 pulchra
400 1516 491 1574 dictat
513 1519 595 1587 ratio,
805 1518 984 1577 immolatum
1007 1535 1059 1591 pro
1082 1533 1201 1575 vervece

235 1601 300 1658 Non
321 1601 461 1659 absimilis
484 1601 564 1660 fuisti
848 1602 905 1662 Suo
927 1611 1008 1662 utero
1031 1604 1135 1675 evexit,

273 1685 325 1758 Eo,
348 1687 416 1760 quia
437 1689 525 1760 opilio
894 1689 999 1748 Sellom
1022 1689 1110 1747 maris
1131 1688 1265 1759 Mariam,

188 1771 221 1829 In
244 1771 411 1830 Bethlehem
434 1773 576 1832 Christum
601 1772 672 1847 tore,
804 1775 843 1835 Ut
866 1774 894 1832 in
918 1775 990 1833 coeli
1013 1775 1160 1847 palatium,

232 1853 409 1915 ildefonsum
432 1869 461 1916 et
481 1861 628 1931 Zammac,
848 1859 907 1919 Uhi
929 1868 1024 1919 manet
1047 1860 1118 1918 nihil
1141 1858 1223 1916 triste

190 1942 341 2001 Praedixit
362 1959 415 2014 per
436 1946 616 2021 paraclitum,
806 1945 863 2004 Sed
886 1962 1012 2019 perenne
1035 1947 1168 2002 solatium

231 2027 284 2087 Cui
306 2028 391 2087 cedat
411 2031 448 2087 od
472 2030 618 2103 placitum,
847 2031 940 2106 Viget,
964 2032 1064 2089 tendat
1086 2031 1189 2087 chorus
1211 2029 1266 2086 istc

272 2114 400 2189 Oramus,
425 2115 495 2172 haec
517 2117 622 2188 opinio.
887 2116 942 2175 Illa
965 2117 1051 2174 dante
1074 2115 1130 2172 sihi
1154 2115 1237 2175 viam.

201 2235 276 2284 Brev.
305 2248 352 2281 ms.
371 2234 528 2284 Zamoreuse
552 2250 619 2285 saec.
645 2233 685 2286 15.
713 2235 774 2285 cod.
793 2237 879 2300 Capit
898 2236 1032 2285 Zamoreu.
1057 2251 1077 2282 s.
1096 2251 1121 2282 n.
1140 2262 1172 2270 -
1192 2233 1232 2282 hu
1250 2233 1314 2281 awai

131 2302 232 2351 Stellam
250 2305 272 2352 Α
291 2303 343 2353 und
364 2304 391 2352 B.
415 2329 448 2338 -
476 2301 501 2364 l,
525 2301 542 2353 2
568 2304 619 2365 Qut
644 2306 693 2354 fuit
716 2304 814 2353 nostris
833 2304 863 2353 A.
889 2330 920 2339 -
946 2301 974 2364 l,
998 2301 1016 2353 4
1039 2302 1234 2367 Supplicissimi
1254 2301 1314 2363 him

132 2371 180 2420 lies
196 2372 403 2437 simplicissimi?
421 2399 455 2407 —
475 2370 502 2431 l,
520 2369 537 2422 8
555 2373 608 2421 Aut
626 2373 704 2438 longe
723 2373 775 2422 ΑΒ.
795 2397 826 2407 -
845 2368 875 2432 3,
894 2368 911 2421 2
929 2373 1067 2422 Nuntiatio
1087 2373 1115 2419 ll.
1134 2398 1167 2406 —
1185 2367 1216 2431 3,
1240 2366 1315 2418 ouo

130 2440 201 2504 quod
219 2441 271 2490 ΑΒ.
300 2465 334 2475 -
356 2438 386 2500 4,
414 2439 425 2490 l
449 2443 533 2503 Quam
557 2456 603 2506 per
621 2442 674 2491 AB.
697 2468 730 2477 —
754 2439 783 2499 4,
811 2439 883 2506 6sq.
902 2440 989 2490 fehleu
1008 2441 1044 2503 Α;
1067 2440 1110 2489 die
1128 2454 1211 2500 gaure
1229 2437 1315 2486 Halh·

131 2507 243 2572 b'trophe
260 2509 327 2559 fehlt
344 2509 374 2558 B.

473 2745 532 2802 296.
567 2745 598 2801 ln
616 2745 781 2803 inventione
800 2760 822 2802 s.
841 2743 983 2802 ildefonsi.

625 2866 668 2920 Ad
686 2867 826 2936 vesperos.

387 2994 415 3055 1.
439 2994 524 3062 Ecce,
548 3008 631 3066 quem
655 2992 763 3052 Christi
785 2993 908 3066 genitrix
931 2993 1047 3062 amavit,

439 3079 525 3151 Ecce,
548 3073 630 3152 quem
654 3079 725 3137 coeli
748 3079 872 3137 retinent
893 3078 1017 3149 beatum,

438 3164 525 3236 Cujus
548 3164 578 3221 in
599 3164 707 3236 templo
728 3165 833 3222 retinet
854 3165 974 3222 Zamora

482 3249 606 3310 Condita
624 3249 767 3308 membra!

387 3372 415 3430 2.
437 3369 524 3439 Ecce,
547 3369 596 3428 lux
618 3370 717 3428 mnndi
740 3368 806 3427 iidei
827 3385 1004 3441 corruscans,

440 3454 559 3514 Gemma
581 3455 675 3514 Toleti
698 3455 836 3515 decorans
853 3453 963 3525 Iberos,

437 3543 525 3613 Quem
549 3542 733 3600 Zamorenses
755 3540 902 3599 celebrant
922 3545 1074 3613 patronum

480 3626 553 3685 Ossa
574 3632 713 3686 tenentes.

386 3748 414 3806 3.
438 3747 524 3818 Ecce,
549 3743 683 3804 defensor
705 3746 816 3807 Mariae
835 3747 962 3820 pudoris,

439 3832 595 3890 llaeresum
618 3837 710 3890 sectas
733 3832 891 3905 reprimens
913 3832 1062 3903 nefandas,

438 3919 523 3988 Ante,
547 3923 622 3989 post,
644 3933 757 3990 semper
780 3918 877 3976 docuit
899 3935 1013 3976 manere

482 4003 660 4062 Inviolatam.

388 4125 417 4187 4.
441 4123 527 4198 Ecce,
550 4139 632 4196 quem
657 4123 737 4196 virgo
760 4122 861 4181 trahea
883 4123 1008 4195 decorat,

439 4210 528 4280 Quam
551 4209 606 4266 Dei
629 4207 713 4266 turba
734 4209 801 4266 tulit
823 4226 857 4266 ex
879 4210 1010 4284 Olympo,

438 4295 527 4365 Cujus
550 4301 593 4352 est
615 4292 707 4351 factus
731 4293 852 4352 celebris
875 4296 1008 4353 sacerdos

482 4379 569 4439 Festa
594 4380 744 4441 sacrando.
