2918 4868
639 263 681 273 —
726 227 789 292 260
832 263 873 272 -

556 394 618 452 453.
654 394 692 451 lte
714 395 812 451 saneto
830 391 949 451 'loribio

637 532 680 587 Ad
698 533 871 588 Nocturnum.

167 677 195 735 1.
219 674 313 733 Bonus
336 675 445 735 athleta
466 676 585 752 virginis
780 680 809 737 4.
833 675 908 733 Nam
932 675 976 733 vir
997 674 1061 740 Dei,
1086 671 1190 743 vigiliis

218 760 385 818 Construxit
406 763 571 832 oratorium,
832 761 971 820 Mundum
996 759 1108 817 calcans
1130 757 1183 814 snb
1210 755 1342 829 pedibus,

219 845 276 905 Ubi
299 846 406 904 nullius
429 847 550 905 hominis
832 847 925 905 Instat
947 845 1038 904 sacris
1055 843 1183 915 jejuniis,

219 930 327 990 Habuit
349 949 473 1005 unquam
494 933 674 994 consortium.
833 932 897 988 Vim
919 929 1008 989 infert
1031 929 1138 988 Christi
1161 927 1299 988 hostibus.

168 1036 198 1094 2.
222 1033 335 1092 Vacans
357 1034 386 1092 in
410 1034 564 1093 solitudine
781 1040 810 1096 5.
833 1034 942 1094 Audito
965 1034 1025 1105 ejus
1049 1031 1162 1090 nomine

218 1119 317 1180 Fortis
346 1119 375 1177 in
398 1118 575 1178 orationibus
833 1121 895 1179 Rex
917 1135 1012 1178 seeum
1035 1133 1098 1175 eum
1123 1116 1234 1188 detulit,

220 1205 363 1278 Repertus
386 1220 449 1263 enm
472 1205 625 1264 dulcedine
833 1205 872 1264 Et
893 1221 994 1262 munus
1017 1210 1127 1262 mntem
1150 1203 1273 1260 eulmine

217 1291 244 1349 A
267 1290 343 1363 regis
365 1290 559 1352 venatoribus,
832 1291 915 1351 Oveti
938 1290 999 1364 regi
1020 1288 1132 1350 obtulit.

169 1395 198 1452 3.
218 1395 326 1452 Ferunt
350 1393 425 1462 huic,
448 1394 524 1466 quod
548 1394 688 1471 viderant,
781 1398 810 1456 6.
834 1396 934 1453 Honor
956 1393 1041 1450 detur
1063 1397 1092 1449 et
1114 1391 1207 1464 gloria

217 1479 257 1537 Et
278 1478 394 1537 inventa
416 1479 547 1552 oapsaria
833 1479 956 1538 Domino
978 1479 1008 1536 in
1031 1477 1211 1554 eoelestibus,

218 1564 342 1637 Aperite
364 1581 421 1622 non
442 1570 577 1637 poterant
832 1565 886 1637 Qui
908 1581 960 1623 nos
982 1563 1020 1622 ad
1042 1563 1114 1620 lucis
1136 1562 1241 1636 gandia

218 1649 376 1710 claudente
398 1649 453 1708 Dei
478 1650 580 1724 gratia.
833 1651 927 1710 Ducat
948 1649 1031 1707 istius
1054 1647 1196 1721 precibus.

234 1768 310 1817 Brev.
329 1783 376 1816 ms.
390 1766 416 1816 S.
429 1767 524 1819 Isidori
594 1769 678 1818 'onem
702 1784 722 1818 s.
741 1785 766 1819 n.
780 1771 843 1820 anni
859 1764 931 1818 1475.
945 1768 975 1817 Α.
987 1794 1018 1803 -
1033 1767 1109 1815 Brev.
1127 1782 1174 1814 ms.
1188 1765 1344 1815 Toletanum

164 1850 232 1884 saec.
241 1831 280 1885 14.
297 1835 359 1885 Cod.
372 1836 506 1886 Matriten.
519 1835 557 1887 Ff.
593 1833 636 1886 47.
648 1837 678 1886 Β.
696 1835 767 1899 -1,
788 1835 905 1888 lNovus
924 1835 1024 1885 athlete
1036 1838 1065 1885 B.
1082 1861 1113 1869 -
1128 1831 1152 1896 2,
1171 1831 1187 1883 2
1205 1834 1299 1883 Fultus
1317 1834 1344 1881 in

166 1904 331 1954 orationibus
351 1905 380 1954 Β.
398 1929 429 1938 -
450 1900 474 1964 2,
492 1902 509 1954 3
526 1907 628 1971 Raptus
646 1921 705 1954 cum
723 1907 755 1956 Α.
773 1933 807 1941 -
825 1904 848 1968 3,
868 1904 884 1956 2
903 1907 1025 1967 caeparia
1044 1905 1098 1954 hu.
1116 1929 1149 1938 -
1168 1901 1192 1965 5,
1214 1901 1225 1951 l
1246 1901 1343 1951 Christi

166 1974 274 2022 nomine
292 1974 324 2022 A.
343 1999 374 2006 -
393 1971 417 2033 5,
436 1970 452 2023 2
470 1973 561 2024 intulit
577 1974 608 2023 Α.
628 2000 661 2008 -
682 1972 707 2035 5,
724 1973 741 2026 4
759 1976 838 2026 Ereti
855 1976 886 2025 B.

559 2171 623 2229 454.
657 2171 697 2230 lle
715 2173 813 2231 sanem
830 2170 951 2229 lorlbio.

663 2311 707 2366 Ad
724 2310 839 2367 Laudes.

167 2451 194 2512 1.
218 2451 333 2509 Adsunt
354 2452 436 2524 signa
457 2452 594 2530 laetitiae,
779 2455 809 2516 4.
834 2454 923 2513 Curat
947 2453 1092 2526 leprosum
1114 2451 1247 2521 nobilem,

216 2536 334 2595 Festum
359 2537 467 2594 eunetis
489 2537 632 2611 fidelibus,
832 2540 924 2599 Mutis
947 2539 995 2597 dat
1019 2537 1221 2611 eloquentiam,

218 2622 278 2693 Quo
301 2627 385 2695 pater
406 2622 532 2695 migrans
555 2623 641 2683 hodie
833 2626 921 2684 Binos
944 2623 1051 2682 habere
1073 2623 1201 2680 sterilem

218 2706 338 2766 Fruitur
358 2707 430 2764 coeli
452 2709 578 2771 sedibus.
831 2711 916 2770 Facit
937 2726 989 2783 per
1012 2708 1065 2767 Dei
1090 2709 1221 2781 gratiam.

166 2812 195 2871 2.
218 2809 304 2868 Unde
325 2809 412 2867 micat
433 2810 588 2883 miraculis,
780 2817 808 2877 5.
831 2813 955 2873 Curatur
974 2811 1109 2884 alvearia,

219 2894 308 2953 Sanat
331 2895 444 2953 dolores
468 2896 604 2974 dentium,
831 2899 937 2959 Frater
959 2898 1057 2955 statim
1079 2897 1225 2954 maniacus

219 2979 338 3038 Protieit
359 2981 453 3054 aegris
475 2981 565 3040 oeulis
832 2984 891 3042 Dat
912 2990 1015 3042 cuneta
1038 2999 1101 3040 cum
1128 2982 1255 3055 angaria,

218 3065 337 3124 Mittens
358 3072 426 3138 post
445 3073 512 3125 vota
534 3067 651 3140 palium.
832 3070 941 3128 Lumen
964 3069 1074 3142 reecpit
1096 3068 1231 3126 Didaens.

166 3171 195 3229 3.
215 3167 389 3226 Periclitatis
411 3169 552 3242 subvenit,
781 3175 809 3235 6.
832 3172 941 3242 Honor,
965 3171 1049 3228 detur
1070 3176 1096 3227 et
1120 3170 1211 3244 gloria

218 3254 321 3312 Passos
343 3254 443 3312 mortis
466 3256 597 3329 contagia
833 3257 956 3316 Domino
979 3273 1042 3314 cum
1065 3255 1244 3324 coelestibus

220 3338 407 3411 Indesperate
428 3343 586 3412 praevenit,
832 3342 885 3416 Qui
908 3359 959 3400 nos
982 3343 1019 3400 ad
1042 3341 1113 3399 lueis
1136 3341 1238 3413 gaudia

224 3423 334 3482 Vovent
355 3429 385 3482 et
406 3426 530 3484 reddunt
553 3428 655 3499 pretia.
832 3428 927 3487 Ducat
948 3428 1030 3485 istius
1053 3427 1196 3500 precibus,

233 3542 309 3592 Brev.
329 3558 375 3591 ms.
388 3542 415 3594 S.
427 3543 523 3593 Isidori
538 3545 680 3609 Legiones.
700 3562 720 3595 s.
739 3561 765 3595 n.
783 3547 847 3596 anni
862 3543 937 3598 1475.
950 3573 982 3582 —
994 3541 1019 3608 3,
1040 3542 1052 3594 l
1069 3543 1233 3594 Veriolitatis
1246 3545 1294 3594 Hs.
1309 3574 1339 3579 —

164 3604 189 3669 3,
208 3606 226 3658 4
243 3611 352 3661 Norunt
369 3611 418 3660 Hs.

562 3797 624 3854 455.
659 3797 698 3853 lle
716 3797 815 3855 saneta
832 3796 942 3855 Ursule.

653 3934 695 3988 Ad
713 3935 852 4004 vesperas.

166 4073 193 4130 1.
218 4073 328 4130 Choms
350 4075 475 4133 exsultat
498 4076 638 4149 virginum
777 4079 806 4137 2,
831 4077 937 4138 Ursule
959 4077 1039 4150 virgo
1061 4076 1223 4150 splendida,

217 4157 300 4217 Nova
320 4175 470 4219 coruscans
494 4161 603 4235 virgine
829 4163 901 4222 Orta
922 4162 1010 4235 regali
1032 4162 1167 4234 germine,

218 4243 255 4301 Et
278 4249 389 4317 patrem
412 4247 533 4304 laudans
556 4247 691 4306 luminum
831 4248 867 4307 Ut
891 4247 976 4306 stella
999 4247 1089 4321 fulget
1111 4246 1222 4320 fulgida

217 4329 293 4388 Miro
316 4330 436 4390 decorus
459 4332 572 4390 lumine.
830 4333 973 4391 Virtutum
996 4333 1219 4405 pulchritudine.
