2918 4868
616 262 848 328 -155-

538 465 592 524 261.
630 466 669 524 lle
687 468 784 524 ssucto
801 467 912 525 Jscolro.

625 603 667 658 sd
685 604 825 674 Vesperus.

140 750 169 811 1.
193 749 256 809 Lux
280 748 316 807 dc
338 749 426 807 coelis
449 750 507 807 dux
529 747 624 807 fidelis
754 751 783 808 4.
806 749 840 806 Iu
863 749 1023 822 exemplum
1047 749 1154 808 Christi
1177 752 1313 824 templum

236 835 289 894 Est
311 834 437 895 lacobus
460 834 646 906 credentium,
850 834 1028 907 Respleudet
1049 835 1078 892 iu
1102 834 1258 913 Gallaecia,

191 921 278 992 Quem
303 920 409 978 dotasti
432 927 462 978 et
484 919 593 978 vocasti
807 919 896 990 Quem
919 919 1040 979 honorat
1062 925 1092 978 et
1114 921 1232 981 decorat

233 1004 405 1082 christe,
444 1006 667 1078 redemptor
849 1005 1020 1064 Act-eruo
1042 1006 1137 1064 coeli
1157 1006 1293 1080 glorie.

444 1107 614 1152 omnium.

138 1248 168 1306 2.
189 1245 329 1304 Mundum
352 1245 463 1318 sprevit
484 1251 513 1302 et
536 1245 689 1318 complevit
755 1247 784 1306 5.
807 1243 867 1303 Iste
890 1243 1006 1318 dignum
1028 1244 1116 1304 habet
1138 1245 1258 1320 siguum,

236 1330 331 1390 Corda
352 1331 498 1403 sequendo
519 1329 619 1403 filium,
849 1330 1006 1403 Apostolus
1029 1337 1074 1388 est
1094 1330 1228 1405 lacobus,

193 1416 392 1476 Pruedicaudo
415 1420 444 1474 et
466 1416 651 1475 monstrando
807 1414 878 1474 Cum
900 1431 1005 1474 corona
1025 1432 1128 1490 magno
1147 1416 1231 1488 dona,

234 1502 284 1560 Te
317 1501 421 1560 lucis
453 1507 541 1561 oute
567 1502 701 1560 termi·
848 1501 1318 1563 Exsultetcoelumluudi-

444 1603 535 1645 uum.
1111 1586 1191 1649 bus

141 1743 169 1801 3.
194 1740 308 1801 Christo
331 1741 412 1812 vixit,
435 1746 558 1799 mentem
580 1739 644 1799 lixit
755 1743 784 1802 6.
808 1740 868 1799 Nos
890 1739 928 1799 od
950 1756 1068 1815 reguum
1091 1741 1147 1800 duc
1161 1758 1315 1816 supernum

234 1826 282 1884 Ad
305 1832 523 1898 praeceptorum
546 1841 643 1899 opero,
850 1826 926 1897 Quos
948 1827 1095 1885 redemisti
1117 1828 1221 1900 pretio,

191 1911 230 1970 Et
252 1912 294 1969 sic
315 1911 396 1987 vivit,
419 1918 447 1969 et
469 1911 579 1970 audivit
807 1911 897 1970 Fixus
918 1911 996 1985 liguo
1019 1913 1111 1971 crucis
1133 1914 1224 1988 siguo,
1283 1978 1285 1982 Α

232 1998 404 2055 Aeteruu
437 1996 589 2056 Christi
628 2013 701 2055 mu·
850 1999 959 2074 Jesu,
982 1999 1314 2072 nostraredemp-

450 2098 550 2144 uero.
1114 2085 1180 2146 tio.

207 2216 282 2267 Brev.
297 2233 344 2267 ms.
357 2217 599 2282 Compostolluuum
615 2232 683 2267 suec
698 2212 737 2267 15.
758 2215 821 2267 Cod.
835 2215 920 2282 Capit
933 2217 1102 2283 compostell.
1116 2233 1137 2268 s.
1149 2235 1175 2268 u.
1187 2245 1222 2256 —
1239 2220 1316 2269 Brev.

140 2286 274 2350 Burgensc
286 2288 348 2351 imp.
362 2303 382 2336 s.
396 2287 413 2336 l.
426 2292 453 2336 et
464 2302 488 2336 a.
502 2287 530 2334 B.
545 2312 577 2321 -
591 2282 615 2346 6,
630 2283 647 2336 2
660 2286 732 2347 Quos
744 2301 793 2335 uos
806 2285 940 2336 redemisti
952 2287 988 2351 A3
1005 2287 1063 2348 Quo
1077 2302 1124 2337 ons
1138 2287 1272 2337 redemisti
1286 2288 1317 2337 B.

541 2587 601 2642 262.
637 2586 675 2643 lle
693 2588 790 2643 ssueto
807 2585 918 2644 Jseolro.

616 2723 659 2779 sd
675 2723 847 2780 Nocturnum.

141 2869 170 2929 1.
192 2868 256 2929 Rex
277 2872 403 2940 aeterne,
426 2883 477 2926 rex
494 2883 619 2940 superne
754 2870 784 2929 l.
807 2868 869 2927 Nos
891 2868 1005 2941 excudi,
1027 2885 1129 2942 preces
1149 2870 1227 2948 sudi,

236 2954 450 3032 Apostolorum,
476 2953 577 3030 deitas,
850 2954 904 3025 Qui
926 2970 957 3012 es
979 2960 1142 3013 sauctorum
1164 2956 1266 3031 glorio,

194 3038 285 3097 Nobis
307 3054 395 3112 regua
418 3039 454 3097 du
476 3055 609 3113 superus,
807 3040 891 3100 Pucis
915 3040 985 3099 dare
1006 3045 1038 3098 tu
1061 3041 1181 3113 dignere

234 3123 362 3198 Olus,
392 3123 506 3183 beuta
527 3124 703 3185 trinitus.
850 3126 971 3184 Beato
992 3125 1105 3184 uobis
1127 3126 1276 3200 gaudie.

140 3281 170 3341 2.
194 3277 281 3352 Regis
303 3278 385 3351 siguo
407 3277 488 3336 dedit
510 3278 597 3352 digus
757 3284 785 3341 5.
809 3278 866 3336 Hic
888 3283 1031 3351 precetur,
1055 3278 1137 3337 uobis
1160 3279 1245 3339 detur

237 3364 294 3422 Hic
314 3362 440 3425 Jsoobus
463 3379 527 3422 cum
548 3379 646 3439 opere,
851 3363 899 3423 Sic
921 3364 1079 3422 adhaerere
1100 3364 1232 3438 Domino,

194 3449 258 3508 Lux
279 3449 402 3524 accedit,
424 3466 480 3508 nox
503 3450 613 3509 recedit
808 3448 849 3509 Ut
870 3464 1004 3510 vocemur
1025 3455 1054 3507 et
1076 3465 1209 3509 eruemur

233 3534 312 3594 dum
335 3534 437 3593 lucis
458 3541 540 3594 orto
562 3536 702 3595 sidere.
850 3535 985 3609 Magno
1006 3534 1150 3593 solutis
1171 3537 1317 3609 gaudio.

140 3692 169 3754 3.
191 3688 284 3748 Nobis
305 3703 390 3748 ueoes
412 3689 516 3747 tollunt
539 3704 641 3762 preces
758 3690 788 3749 6.
811 3689 955 3749 Christum
978 3706 1029 3748 oro
1050 3694 1080 3746 et
1100 3689 1233 3763 implore,

236 3774 370 3848 Apostoli
392 3774 520 3847 piissime
852 3775 996 3849 Repulsor
1017 3774 1108 3834 hostis
1131 3775 1240 3854 callidi,

193 3860 233 3921 Et
263 3860 301 3920 ud
324 3875 422 3919 rerum
444 3860 561 3919 trahunt
583 3860 702 3937 coelum,
810 3861 852 3922 Ut
873 3878 925 3920 nos
948 3861 1035 3919 ducet
1056 3867 1086 3919 ct
1106 3861 1225 3920 iuducet

236 3945 703 4008 GoeliDeussauetissime.
852 3946 907 4005 Ad
937 3961 1088 4005 coenum
1117 3947 1203 4020 egui
1230 3964 1318 4020 pro·

1114 4032 1206 4092 ridi.

210 4167 288 4218 Brev.
311 4182 358 4216 ms.
378 4165 619 4233 Compostellauum
641 4182 709 4218 suec.
730 4163 769 4217 15.
793 4167 857 4218 cdd.
876 4167 954 4233 Cepit
967 4168 1135 4234 Compostell.
1154 4183 1175 4217 s.
1193 4184 1218 4218 u.
1236 4167 1268 4219 Α.
1286 4194 1320 4204 -

140 4238 217 4287 Brev.
240 4253 287 4287 ms.
307 4236 333 4287 S.
352 4236 487 4286 Benedicti
506 4237 681 4287 Vulisoletsni
705 4251 773 4287 saec.
801 4233 838 4286 14.
866 4238 929 4287 Cod.
948 4237 1092 4288 Scorislcn.
1111 4238 1133 4286 P
1150 4238 1177 4286 11
1197 4234 1219 4285 l.
1239 4239 1267 4286 B.
1286 4265 1316 4272 —

141 4305 219 4355 Brev.
239 4308 373 4371 Burgense
396 4306 458 4371 imp.
481 4321 503 4356 s.
529 4306 546 4355 l.
571 4311 598 4356 et
619 4321 643 4356 a.
667 4305 695 4354 C.
720 4332 752 4341 -
777 4302 804 4365 l,
829 4302 841 4353 l
866 4305 978 4355 Aeterne
1000 4320 1047 4356 rcx
1073 4321 1185 4370 superus
1209 4304 1262 4353 Ali.
1286 4330 1319 4340 -

140 4369 340 4439 8,2piissims
357 4373 387 4425 C·
407 4399 437 4407 -
456 4370 480 4436 3,
498 4370 515 4425 3
533 4374 609 4424 traho
627 4374 657 4437 l,
676 4372 765 4424 trahet
782 4375 812 4424 B.
