<?xml version="1.0" encoding="UTF-8"?>
<!DOCTYPE html PUBLIC "-//W3C//DTD XHTML 1.0 Transitional//EN"
    "http://www.w3.org/TR/xhtml1/DTD/xhtml1-transitional.dtd">
<html xmlns="http://www.w3.org/1999/xhtml" xml:lang="en" lang="en">
 <head>
  <title>
</title>
<meta http-equiv="Content-Type" content="text/html;charset=utf-8" />
  <meta name='ocr-system' content='tesseract 3.04.00' />
  <meta name='ocr-capabilities' content='ocr_page ocr_carea ocr_par ocr_line ocrx_word'/>
</head>
<body>
  <div class='ocr_page' id='page_1' title='image "./hymnodiahiberic00drevgoog_0454.png"; bbox 0 0 2918 4868; ppageno 0'>
   <div class='ocr_carea' id='block_1_1' title="bbox 633 273 866 340">
    <p class='ocr_par' dir='ltr' id='par_1_1' title="bbox 633 273 866 340">
     <span class='ocr_line' id='line_1_1' title="bbox 633 273 866 340; baseline -0.004 0"><span class='ocrx_word' id='word_1_1' title='bbox 633 273 866 340; x_wconf 79' lang='lat'>-157-</span> 
     </span>
    </p>
   </div>
   <div class='ocr_carea' id='block_1_2' title="bbox 162 449 1194 1466">
    <p class='ocr_par' dir='ltr' id='par_1_2' title="bbox 162 449 1194 1466">
     <span class='ocr_line' id='line_1_2' title="bbox 229 449 1101 524; baseline -0.001 -14"><span class='ocrx_word' id='word_1_2' title='bbox 229 449 390 524; x_wconf 71' lang='lat' dir='ltr'><strong>Margarita</strong></span> <span class='ocrx_word' id='word_1_3' title='bbox 841 450 884 509; x_wconf 86' lang='lat' dir='ltr'><strong>Te</strong></span> <span class='ocrx_word' id='word_1_4' title='bbox 905 450 1101 523; x_wconf 83' lang='lat' dir='ltr'><strong>contemplans</strong></span> 
     </span>
     <span class='ocr_line' id='line_1_3' title="bbox 268 535 1194 610; baseline 0 -15"><span class='ocrx_word' id='word_1_5' title='bbox 268 535 383 595; x_wconf 87' lang='lat' dir='ltr'><strong>Mariua</strong></span> <span class='ocrx_word' id='word_1_6' title='bbox 403 535 561 610; x_wconf 80' lang='lat' dir='ltr'>pulchrior,</span> <span class='ocrx_word' id='word_1_7' title='bbox 883 550 952 609; x_wconf 82' lang='lat' dir='ltr'><strong>geue</strong></span> <span class='ocrx_word' id='word_1_8' title='bbox 974 543 1038 594; x_wconf 90' lang='lat' dir='ltr'><strong>orat</strong></span> <span class='ocrx_word' id='word_1_9' title='bbox 1058 536 1194 610; x_wconf 80' lang='lat' dir='ltr'><strong>languida</strong></span> 
     </span>
     <span class='ocr_line' id='line_1_4' title="bbox 311 619 1106 695; baseline -0.001 -14"><span class='ocrx_word' id='word_1_10' title='bbox 311 621 400 682; x_wconf 80' lang='lat' dir='ltr'>Fides</span> <span class='ocrx_word' id='word_1_11' title='bbox 423 628 452 679; x_wconf 88' lang='lat' dir='ltr'><strong>te</strong></span> <span class='ocrx_word' id='word_1_12' title='bbox 474 619 633 695; x_wconf 86' lang='lat' dir='ltr'><strong>praedieat‚</strong></span> <span class='ocrx_word' id='word_1_13' title='bbox 924 620 1024 680; x_wconf 88' lang='lat' dir='ltr'><strong>Meute</strong></span> <span class='ocrx_word' id='word_1_14' title='bbox 1045 626 1106 680; x_wconf 85' lang='lat' dir='ltr'><strong>tota</strong></span> 
     </span>
     <span class='ocr_line' id='line_1_5' title="bbox 226 705 1049 768; baseline -0.001 -2"><span class='ocrx_word' id='word_1_15' title='bbox 226 707 283 766; x_wconf 84' lang='lat' dir='ltr'><strong>Per</strong></span> <span class='ocrx_word' id='word_1_16' title='bbox 304 712 333 765; x_wconf 84' lang='lat' dir='ltr'><strong>te</strong></span> <span class='ocrx_word' id='word_1_17' title='bbox 354 706 436 766; x_wconf 90' lang='lat' dir='ltr'><strong>uobis</strong></span> <span class='ocrx_word' id='word_1_18' title='bbox 840 706 930 768; x_wconf 87' lang='lat' dir='ltr'><strong>Utin</strong></span> <span class='ocrx_word' id='word_1_19' title='bbox 953 705 1049 765; x_wconf 89' lang='lat' dir='ltr'><strong>hostes</strong></span> 
     </span>
     <span class='ocr_line' id='line_1_6' title="bbox 268 791 1165 866; baseline 0.001 -17"><span class='ocrx_word' id='word_1_20' title='bbox 268 792 305 850; x_wconf 89' lang='lat' dir='ltr'><strong>sit</strong></span> <span class='ocrx_word' id='word_1_21' title='bbox 328 791 482 866; x_wconf 82' lang='lat' dir='ltr'><strong>patientior</strong></span> <span class='ocrx_word' id='word_1_22' title='bbox 884 808 937 866; x_wconf 85' lang='lat' dir='ltr'><strong>per</strong></span> <span class='ocrx_word' id='word_1_23' title='bbox 957 797 987 851; x_wconf 87' lang='lat' dir='ltr'><strong>te</strong></span> <span class='ocrx_word' id='word_1_24' title='bbox 1008 791 1046 852; x_wconf 90' lang='lat' dir='ltr'><strong>sit</strong></span> <span class='ocrx_word' id='word_1_25' title='bbox 1068 791 1165 852; x_wconf 88' lang='lat' dir='ltr'><strong>valida</strong></span> 
     </span>
     <span class='ocr_line' id='line_1_7' title="bbox 229 877 1106 951; baseline 0 -14"><span class='ocrx_word' id='word_1_26' title='bbox 229 879 284 939; x_wconf 87' lang='lat' dir='ltr'><strong>Ille</strong></span> <span class='ocrx_word' id='word_1_27' title='bbox 305 894 430 937; x_wconf 88' lang='lat' dir='ltr'><strong>summus</strong></span> <span class='ocrx_word' id='word_1_28' title='bbox 925 877 1024 937; x_wconf 79' lang='lat' dir='ltr'><strong>Virtus</strong></span> <span class='ocrx_word' id='word_1_29' title='bbox 1045 879 1106 951; x_wconf 90' lang='lat' dir='ltr'><strong>ejus</strong></span> 
     </span>
     <span class='ocr_line' id='line_1_8' title="bbox 268 962 1039 1040; baseline -0.003 -16"><span class='ocrx_word' id='word_1_30' title='bbox 268 980 367 1040; x_wconf 78' lang='lat' dir='ltr'><strong>regum</strong></span> <span class='ocrx_word' id='word_1_31' title='bbox 388 962 540 1038; x_wconf 86' lang='lat' dir='ltr'><strong>potentior,</strong></span> <span class='ocrx_word' id='word_1_32' title='bbox 839 964 879 1023; x_wconf 82' lang='lat' dir='ltr'><strong>Et</strong></span> <span class='ocrx_word' id='word_1_33' title='bbox 899 963 930 1022; x_wconf 88' lang='lat' dir='ltr'><strong>in</strong></span> <span class='ocrx_word' id='word_1_34' title='bbox 952 979 1039 1038; x_wconf 78' lang='lat' dir='ltr'><strong>reguo</strong></span> 
     </span>
     <span class='ocr_line' id='line_1_9' title="bbox 312 1047 1128 1124; baseline 0 -15"><span class='ocrx_word' id='word_1_35' title='bbox 312 1050 367 1122; x_wconf 81' lang='lat' dir='ltr'><strong>Qui</strong></span> <span class='ocrx_word' id='word_1_36' title='bbox 388 1055 417 1109; x_wconf 87' lang='lat' dir='ltr'><strong>te</strong></span> <span class='ocrx_word' id='word_1_37' title='bbox 438 1047 610 1124; x_wconf 76' lang='lat' dir='ltr'><strong>magnificat.</strong></span> <span class='ocrx_word' id='word_1_38' title='bbox 885 1049 1001 1109; x_wconf 87' lang='lat' dir='ltr'><strong>eoelesti</strong></span> <span class='ocrx_word' id='word_1_39' title='bbox 1024 1047 1128 1109; x_wconf 88' lang='lat' dir='ltr'><strong>florida</strong></span> 
     </span>
     <span class='ocr_line' id='line_1_10' title="bbox 405 1135 1134 1207; baseline -0.007 -5"><span class='ocrx_word' id='word_1_40' title='bbox 405 1150 475 1202; x_wconf 82' lang='lat' dir='ltr'><strong>Alia.</strong></span> <span class='ocrx_word' id='word_1_41' title='bbox 926 1135 1040 1194; x_wconf 89' lang='lat' dir='ltr'><strong>Merees</strong></span> <span class='ocrx_word' id='word_1_42' title='bbox 1062 1135 1134 1207; x_wconf 90' lang='lat' dir='ltr'><strong>ejus.</strong></span> 
     </span>
     <span class='ocr_line' id='line_1_11' title="bbox 162 1220 383 1296; baseline -0.009 -14"><span class='ocrx_word' id='word_1_43' title='bbox 162 1225 199 1284; x_wconf 90' lang='lat' dir='ltr'><strong>A.</strong></span> <span class='ocrx_word' id='word_1_44' title='bbox 221 1220 383 1296; x_wconf 75' lang='lat' dir='ltr'><strong>Margarita</strong></span> 
     </span>
     <span class='ocr_line' id='line_1_12' title="bbox 268 1303 611 1383; baseline 0 -18"><span class='ocrx_word' id='word_1_45' title='bbox 268 1312 426 1382; x_wconf 87' lang='lat' dir='ltr'><strong>martyrum</strong></span> <span class='ocrx_word' id='word_1_46' title='bbox 447 1303 611 1383; x_wconf 87' lang='lat' dir='ltr'><strong>splendida,</strong></span> 
     </span>
     <span class='ocr_line' id='line_1_13' title="bbox 313 1392 530 1466; baseline -0.009 -12"><span class='ocrx_word' id='word_1_47' title='bbox 313 1392 439 1454; x_wconf 83' lang='lat' dir='ltr'><strong>Pulchra</strong></span> <span class='ocrx_word' id='word_1_48' title='bbox 460 1396 530 1466; x_wconf 83' lang='lat' dir='ltr'><strong>tota,</strong></span> 
     </span>
    </p>
   </div>
   <div class='ocr_carea' id='block_1_3' title="bbox 162 1507 1372 2127">
    <p class='ocr_par' dir='ltr' id='par_1_3' title="bbox 162 1507 1372 2127">
     <span class='ocr_line' id='line_1_14' title="bbox 231 1507 1342 1577; baseline -0.002 -13"><span class='ocrx_word' id='word_1_49' title='bbox 231 1513 308 1564; x_wconf 83' lang='lat' dir='ltr'><strong>Brev.</strong></span> <span class='ocrx_word' id='word_1_50' title='bbox 333 1528 380 1562; x_wconf 89' lang='lat' dir='ltr'><strong>ms.</strong></span> <span class='ocrx_word' id='word_1_51' title='bbox 398 1513 555 1562; x_wconf 86' lang='lat' dir='ltr'><strong>Zamoreuse</strong></span> <span class='ocrx_word' id='word_1_52' title='bbox 578 1527 646 1562; x_wconf 77' lang='lat' dir='ltr'><strong>eaeo.</strong></span> <span class='ocrx_word' id='word_1_53' title='bbox 674 1507 713 1562; x_wconf 88' lang='grc'><strong>15.</strong></span> <span class='ocrx_word' id='word_1_54' title='bbox 743 1511 806 1563; x_wconf 83' lang='lat' dir='ltr'><strong>Cod.</strong></span> <span class='ocrx_word' id='word_1_55' title='bbox 821 1512 906 1577; x_wconf 79' lang='lat' dir='ltr'><strong>capit.</strong></span> <span class='ocrx_word' id='word_1_56' title='bbox 924 1512 1060 1562; x_wconf 81' lang='lat' dir='ltr'><strong>Zamorem</strong></span> <span class='ocrx_word' id='word_1_57' title='bbox 1079 1526 1101 1562; x_wconf 88' lang='lat' dir='ltr'><strong>s.</strong></span> <span class='ocrx_word' id='word_1_58' title='bbox 1118 1526 1144 1560; x_wconf 87' lang='lat' dir='ltr'><strong>rr.</strong></span> <span class='ocrx_word' id='word_1_59' title='bbox 1160 1509 1192 1560; x_wconf 98' lang='lat' dir='ltr'><strong>A.</strong></span> <span class='ocrx_word' id='word_1_60' title='bbox 1212 1532 1243 1544; x_wconf 85' lang='lat'>-</span> <span class='ocrx_word' id='word_1_61' title='bbox 1261 1509 1342 1562; x_wconf 81' lang='lat' dir='ltr'><strong>Brev.</strong></span> 
     </span>
     <span class='ocr_line' id='line_1_15' title="bbox 164 1575 1339 1647; baseline -0.003 -15"><span class='ocrx_word' id='word_1_62' title='bbox 164 1580 407 1647; x_wconf 84' lang='lat' dir='ltr'><strong>Compostellanum</strong></span> <span class='ocrx_word' id='word_1_63' title='bbox 425 1583 487 1647; x_wconf 91' lang='lat' dir='ltr'><strong>imp.</strong></span> <span class='ocrx_word' id='word_1_64' title='bbox 500 1580 570 1632; x_wconf 93' lang='lat' dir='ltr'><strong>Ulisi</strong></span> <span class='ocrx_word' id='word_1_65' title='bbox 591 1595 657 1632; x_wconf 84' lang='lat' dir='ltr'><strong>onas</strong></span> <span class='ocrx_word' id='word_1_66' title='bbox 678 1577 752 1631; x_wconf 75' lang='lat'><strong>1497.</strong></span> <span class='ocrx_word' id='word_1_67' title='bbox 766 1581 795 1632; x_wconf 88' lang='grc' dir='ltr'><strong>Β.</strong></span> <span class='ocrx_word' id='word_1_68' title='bbox 813 1610 845 1618; x_wconf 90' lang='grc'><strong>--</strong></span> <span class='ocrx_word' id='word_1_69' title='bbox 864 1582 895 1631; x_wconf 85' lang='lat' dir='ltr'><strong>In</strong></span> <span class='ocrx_word' id='word_1_70' title='bbox 916 1577 938 1631; x_wconf 92' lang='lat'><strong>1.</strong></span> <span class='ocrx_word' id='word_1_71' title='bbox 951 1582 1030 1645; x_wconf 86' lang='lat' dir='ltr'><strong>Vesp.</strong></span> <span class='ocrx_word' id='word_1_72' title='bbox 1045 1575 1074 1640; x_wconf 99' lang='grc' dir='ltr'><strong>Β,</strong></span> <span class='ocrx_word' id='word_1_73' title='bbox 1091 1576 1108 1630; x_wconf 82' lang='grc'><strong>9</strong></span> <span class='ocrx_word' id='word_1_74' title='bbox 1123 1595 1172 1631; x_wconf 86' lang='lat' dir='ltr'><strong>uos</strong></span> <span class='ocrx_word' id='word_1_75' title='bbox 1185 1577 1339 1630; x_wconf 80' lang='lat' dir='ltr'><strong>eommeuda</strong></span> 
     </span>
     <span class='ocr_line' id='line_1_16' title="bbox 162 1595 1339 1716; baseline -0.003 -15"><span class='ocrx_word' id='word_1_76' title='bbox 162 1651 262 1716; x_wconf 78' lang='lat' dir='ltr'><strong>jugiter</strong></span> <span class='ocrx_word' id='word_1_77' title='bbox 279 1650 309 1701; x_wconf 83' lang='lat' dir='ltr'><strong>B·</strong></span> <span class='ocrx_word' id='word_1_78' title='bbox 327 1675 361 1686; x_wconf 90' lang='lat'><em>-</em></span> <span class='ocrx_word' id='word_1_79' title='bbox 380 1652 411 1700; x_wconf 90' lang='lat' dir='ltr'><strong>In</strong></span> <span class='ocrx_word' id='word_1_80' title='bbox 431 1645 454 1699; x_wconf 86' lang='lat' dir='ltr'><strong>l.</strong></span> <span class='ocrx_word' id='word_1_81' title='bbox 471 1650 547 1699; x_wconf 88' lang='lat' dir='ltr'><strong>Noot.</strong></span> <span class='ocrx_word' id='word_1_82' title='bbox 567 1595 589 1696; x_wconf 65' lang='grc' dir='ltr'><strong>Β</strong></span> <span class='ocrx_word' id='word_1_83' title='bbox 606 1646 635 1709; x_wconf 85' lang='lat' dir='ltr'><strong>l,</strong></span> <span class='ocrx_word' id='word_1_84' title='bbox 660 1646 742 1700; x_wconf 79' lang='lat' dir='ltr'><strong>121ot</strong></span> <span class='ocrx_word' id='word_1_85' title='bbox 759 1648 825 1699; x_wconf 80' lang='lat' dir='ltr'><strong>fehlt</strong></span> <span class='ocrx_word' id='word_1_86' title='bbox 843 1649 873 1699; x_wconf 85' lang='lat' dir='ltr'><strong>A.</strong></span> <span class='ocrx_word' id='word_1_87' title='bbox 892 1676 923 1683; x_wconf 98' lang='lat'>-</span> <span class='ocrx_word' id='word_1_88' title='bbox 944 1644 964 1698; x_wconf 99' lang='grc' dir='ltr'><strong>Β</strong></span> <span class='ocrx_word' id='word_1_89' title='bbox 983 1645 1011 1708; x_wconf 87' lang='grc'>3,</span> <span class='ocrx_word' id='word_1_90' title='bbox 1030 1645 1047 1699; x_wconf 85' lang='grc'>5</span> <span class='ocrx_word' id='word_1_91' title='bbox 1064 1649 1190 1714; x_wconf 83' lang='lat' dir='ltr'><strong>oompetit</strong></span> <span class='ocrx_word' id='word_1_92' title='bbox 1207 1647 1238 1698; x_wconf 84' lang='lat' dir='ltr'><strong>A.</strong></span> <span class='ocrx_word' id='word_1_93' title='bbox 1257 1674 1289 1684; x_wconf 92' lang='lat'>-</span> <span class='ocrx_word' id='word_1_94' title='bbox 1307 1647 1339 1698; x_wconf 93' lang='lat' dir='ltr'><strong>Iu</strong></span> 
     </span>
     <span class='ocr_line' id='line_1_17' title="bbox 163 1713 1341 1782; baseline -0.003 -13"><span class='ocrx_word' id='word_1_95' title='bbox 163 1717 187 1769; x_wconf 84' lang='lat'><strong>2.</strong></span> <span class='ocrx_word' id='word_1_96' title='bbox 206 1720 282 1769; x_wconf 74' lang='lat' dir='ltr'><strong>Moot.</strong></span> <span class='ocrx_word' id='word_1_97' title='bbox 301 1713 321 1767; x_wconf 93' lang='grc' dir='ltr'><strong>Β</strong></span> <span class='ocrx_word' id='word_1_98' title='bbox 340 1714 364 1778; x_wconf 87' lang='grc'><strong>3,</strong></span> <span class='ocrx_word' id='word_1_99' title='bbox 383 1715 399 1767; x_wconf 83' lang='grc'><strong>7</strong></span> <span class='ocrx_word' id='word_1_100' title='bbox 418 1717 456 1768; x_wconf 82' lang='lat' dir='ltr'><strong>Et</strong></span> <span class='ocrx_word' id='word_1_101' title='bbox 472 1717 504 1768; x_wconf 89' lang='lat' dir='ltr'><strong>de</strong></span> <span class='ocrx_word' id='word_1_102' title='bbox 522 1719 603 1780; x_wconf 89' lang='lat' dir='ltr'><strong>pisois</strong></span> <span class='ocrx_word' id='word_1_103' title='bbox 621 1718 651 1767; x_wconf 85' lang='lat' dir='ltr'><strong>A.</strong></span> <span class='ocrx_word' id='word_1_104' title='bbox 670 1743 702 1752; x_wconf 96' lang='grc'>-</span> <span class='ocrx_word' id='word_1_105' title='bbox 721 1720 752 1769; x_wconf 86' lang='lat' dir='ltr'><strong>In</strong></span> <span class='ocrx_word' id='word_1_106' title='bbox 770 1714 795 1768; x_wconf 91' lang='grc'><strong>3.</strong></span> <span class='ocrx_word' id='word_1_107' title='bbox 813 1718 888 1768; x_wconf 85' lang='lat' dir='ltr'><strong>Noot.</strong></span> <span class='ocrx_word' id='word_1_108' title='bbox 908 1713 928 1767; x_wconf 93' lang='grc' dir='ltr'><strong>Β</strong></span> <span class='ocrx_word' id='word_1_109' title='bbox 946 1714 971 1778; x_wconf 91' lang='grc'>3,</span> <span class='ocrx_word' id='word_1_110' title='bbox 992 1713 1164 1782; x_wconf 74' lang='lat' dir='ltr'><strong>lttxspeetat</strong></span> <span class='ocrx_word' id='word_1_111' title='bbox 1180 1715 1247 1767; x_wconf 78' lang='lat' dir='ltr'><strong>fehlt</strong></span> <span class='ocrx_word' id='word_1_112' title='bbox 1258 1715 1289 1766; x_wconf 89' lang='lat' dir='ltr'><strong>A.</strong></span> <span class='ocrx_word' id='word_1_113' title='bbox 1308 1741 1341 1752; x_wconf 93' lang='lat'><strong>-·</strong></span> 
     </span>
     <span class='ocr_line' id='line_1_18' title="bbox 166 1780 1341 1852; baseline -0.002 -16"><span class='ocrx_word' id='word_1_114' title='bbox 166 1783 186 1837; x_wconf 93' lang='grc' dir='ltr'><strong>Β</strong></span> <span class='ocrx_word' id='word_1_115' title='bbox 208 1785 229 1848; x_wconf 92' lang='grc'>1,</span> <span class='ocrx_word' id='word_1_116' title='bbox 248 1783 265 1836; x_wconf 83' lang='grc'><strong>2</strong></span> <span class='ocrx_word' id='word_1_117' title='bbox 282 1788 357 1852; x_wconf 79' lang='lat' dir='ltr'><strong>virgo</strong></span> <span class='ocrx_word' id='word_1_118' title='bbox 375 1787 505 1851; x_wconf 71' lang='lat' dir='ltr'><strong>sanguine</strong></span> <span class='ocrx_word' id='word_1_119' title='bbox 524 1785 553 1836; x_wconf 77' lang='lat' dir='ltr'><strong>A.</strong></span> <span class='ocrx_word' id='word_1_120' title='bbox 571 1811 604 1822; x_wconf 89' lang='lat'>-</span> <span class='ocrx_word' id='word_1_121' title='bbox 623 1780 643 1834; x_wconf 92' lang='grc' dir='ltr'><strong>Β</strong></span> <span class='ocrx_word' id='word_1_122' title='bbox 664 1783 687 1847; x_wconf 89' lang='lat' dir='ltr'><strong>l,</strong></span> <span class='ocrx_word' id='word_1_123' title='bbox 705 1783 722 1837; x_wconf 89' lang='grc'>3</span> <span class='ocrx_word' id='word_1_124' title='bbox 739 1787 806 1838; x_wconf 83' lang='lat' dir='ltr'><strong>Orat</strong></span> <span class='ocrx_word' id='word_1_125' title='bbox 824 1785 896 1837; x_wconf 81' lang='lat' dir='ltr'><strong>laeta</strong></span> <span class='ocrx_word' id='word_1_126' title='bbox 912 1785 978 1837; x_wconf 77' lang='lat' dir='ltr'><strong>fehlt</strong></span> <span class='ocrx_word' id='word_1_127' title='bbox 996 1787 1026 1836; x_wconf 85' lang='lat' dir='ltr'><strong>A.</strong></span> <span class='ocrx_word' id='word_1_128' title='bbox 1043 1813 1079 1823; x_wconf 89' lang='lat'>-</span> <span class='ocrx_word' id='word_1_129' title='bbox 1097 1780 1117 1834; x_wconf 99' lang='grc' dir='ltr'><strong>Β</strong></span> <span class='ocrx_word' id='word_1_130' title='bbox 1138 1782 1163 1846; x_wconf 90' lang='grc'>3,</span> <span class='ocrx_word' id='word_1_131' title='bbox 1180 1782 1199 1836; x_wconf 86' lang='grc'><strong>4</strong></span> <span class='ocrx_word' id='word_1_132' title='bbox 1215 1799 1341 1851; x_wconf 84' lang='lat' dir='ltr'><strong>sponsum</strong></span> 
     </span>
     <span class='ocr_line' id='line_1_19' title="bbox 163 1850 1341 1916; baseline -0.001 -11"><span class='ocrx_word' id='word_1_133' title='bbox 163 1855 228 1906; x_wconf 83' lang='lat' dir='ltr'><strong>fehlt</strong></span> <span class='ocrx_word' id='word_1_134' title='bbox 252 1854 283 1904; x_wconf 87' lang='lat' dir='ltr'><strong>A.</strong></span> <span class='ocrx_word' id='word_1_135' title='bbox 308 1881 340 1890; x_wconf 96' lang='lat'>-</span> <span class='ocrx_word' id='word_1_136' title='bbox 365 1856 396 1905; x_wconf 88' lang='lat' dir='ltr'><strong>Iu</strong></span> <span class='ocrx_word' id='word_1_137' title='bbox 420 1853 504 1905; x_wconf 81' lang='lat' dir='ltr'><strong>Laud.</strong></span> <span class='ocrx_word' id='word_1_138' title='bbox 524 1850 545 1902; x_wconf 85' lang='grc' dir='ltr'><strong>Α</strong></span> <span class='ocrx_word' id='word_1_139' title='bbox 566 1851 596 1914; x_wconf 86' lang='grc'>4,</span> <span class='ocrx_word' id='word_1_140' title='bbox 623 1851 726 1905; x_wconf 70' lang='lat' dir='ltr'><strong>trehit</strong></span> <span class='ocrx_word' id='word_1_141' title='bbox 750 1854 781 1905; x_wconf 91' lang='lat' dir='ltr'><strong>A.</strong></span> <span class='ocrx_word' id='word_1_142' title='bbox 806 1880 840 1890; x_wconf 97' lang='lat'>-</span> <span class='ocrx_word' id='word_1_143' title='bbox 862 1851 883 1903; x_wconf 86' lang='grc' dir='ltr'><strong>Α</strong></span> <span class='ocrx_word' id='word_1_144' title='bbox 906 1852 938 1916; x_wconf 83' lang='lat'><strong>4,</strong></span> <span class='ocrx_word' id='word_1_145' title='bbox 961 1852 980 1906; x_wconf 82' lang='lat'>4</span> <span class='ocrx_word' id='word_1_146' title='bbox 1003 1855 1099 1905; x_wconf 80' lang='lat' dir='ltr'><strong>Nostro</strong></span> <span class='ocrx_word' id='word_1_147' title='bbox 1117 1854 1184 1905; x_wconf 82' lang='lat' dir='ltr'><strong>fehlt</strong></span> <span class='ocrx_word' id='word_1_148' title='bbox 1204 1854 1235 1904; x_wconf 86' lang='lat' dir='ltr'><strong>A.</strong></span> <span class='ocrx_word' id='word_1_149' title='bbox 1253 1878 1287 1890; x_wconf 94' lang='lat'>—</span> <span class='ocrx_word' id='word_1_150' title='bbox 1309 1854 1341 1904; x_wconf 93' lang='lat' dir='ltr'><strong>Iu</strong></span> 
     </span>
     <span class='ocr_line' id='line_1_20' title="bbox 166 1918 1343 1990; baseline -0.001 -17"><span class='ocrx_word' id='word_1_151' title='bbox 166 1920 190 1973; x_wconf 82' lang='lat'><strong>2.</strong></span> <span class='ocrx_word' id='word_1_152' title='bbox 209 1926 287 1987; x_wconf 89' lang='lat' dir='ltr'><strong>Vesp.</strong></span> <span class='ocrx_word' id='word_1_153' title='bbox 306 1923 347 1973; x_wconf 88' lang='lat' dir='ltr'><strong>Ad</strong></span> <span class='ocrx_word' id='word_1_154' title='bbox 364 1924 453 1990; x_wconf 81' lang='lat' dir='ltr'><strong>Magn.</strong></span> <span class='ocrx_word' id='word_1_155' title='bbox 472 1918 494 1970; x_wconf 86' lang='grc' dir='ltr'><strong>Α</strong></span> <span class='ocrx_word' id='word_1_156' title='bbox 511 1919 536 1983; x_wconf 83' lang='grc'>2,</span> <span class='ocrx_word' id='word_1_157' title='bbox 554 1920 571 1972; x_wconf 83' lang='grc'>2</span> <span class='ocrx_word' id='word_1_158' title='bbox 588 1923 693 1974; x_wconf 87' lang='lat' dir='ltr'><strong>Mariua</strong></span> <span class='ocrx_word' id='word_1_159' title='bbox 710 1922 849 1990; x_wconf 85' lang='lat' dir='ltr'><strong>splendida</strong></span> <span class='ocrx_word' id='word_1_160' title='bbox 866 1925 903 1986; x_wconf 72' lang='grc' dir='ltr'><strong>Β,</strong></span> <span class='ocrx_word' id='word_1_161' title='bbox 921 1923 965 1974; x_wconf 89' lang='lat' dir='ltr'><strong>die</strong></span> <span class='ocrx_word' id='word_1_162' title='bbox 983 1922 1089 1974; x_wconf 89' lang='lat' dir='ltr'><strong>reiohen</strong></span> <span class='ocrx_word' id='word_1_163' title='bbox 1101 1924 1193 1975; x_wconf 81' lang='lat' dir='ltr'><strong>Raima</strong></span> <span class='ocrx_word' id='word_1_164' title='bbox 1210 1924 1239 1973; x_wconf 86' lang='lat' dir='ltr'><strong>in</strong></span> <span class='ocrx_word' id='word_1_165' title='bbox 1256 1921 1343 1973; x_wconf 88' lang='lat' dir='ltr'><strong>dieser</strong></span> 
     </span>
     <span class='ocr_line' id='line_1_21' title="bbox 164 1987 1372 2061; baseline 0 -19"><span class='ocrx_word' id='word_1_166' title='bbox 164 1992 217 2042; x_wconf 88' lang='lat' dir='ltr'><strong>und</strong></span> <span class='ocrx_word' id='word_1_167' title='bbox 235 1992 281 2042; x_wconf 89' lang='lat' dir='ltr'><strong>der</strong></span> <span class='ocrx_word' id='word_1_168' title='bbox 297 1989 528 2057; x_wconf 77' lang='lat' dir='ltr'><strong>vorhergeheuden</strong></span> <span class='ocrx_word' id='word_1_169' title='bbox 546 1987 568 2039; x_wconf 86' lang='grc' dir='ltr'><strong>Α</strong></span> <span class='ocrx_word' id='word_1_170' title='bbox 586 1990 710 2043; x_wconf 85' lang='lat' dir='ltr'><strong>soheiuea</strong></span> <span class='ocrx_word' id='word_1_171' title='bbox 726 1991 911 2057; x_wconf 71' lang='lat' dir='ltr'><strong>beabsiohtigt.</strong></span> <span class='ocrx_word' id='word_1_172' title='bbox 942 1993 994 2043; x_wconf 92' lang='lat' dir='ltr'><strong>Die</strong></span> <span class='ocrx_word' id='word_1_173' title='bbox 1011 2006 1095 2058; x_wconf 72' lang='lat' dir='ltr'><strong>gauzo</strong></span> <span class='ocrx_word' id='word_1_174' title='bbox 1107 1990 1230 2059; x_wconf 72' lang='lat' dir='ltr'><strong>Legenda</strong></span> <span class='ocrx_word' id='word_1_175' title='bbox 1247 1991 1284 2042; x_wconf 79' lang='lat' dir='ltr'><strong>ist</strong></span> <span class='ocrx_word' id='word_1_176' title='bbox 1299 1989 1342 2042; x_wconf 88' lang='lat' dir='ltr'><strong>die</strong></span> <span class='ocrx_word' id='word_1_177' title='bbox 1370 2056 1372 2061; x_wconf 31' lang='grc'>,</span> 
     </span>
     <span class='ocr_line' id='line_1_22' title="bbox 164 2059 1255 2127; baseline 0.002 -17"><span class='ocrx_word' id='word_1_178' title='bbox 164 2061 210 2110; x_wconf 90' lang='lat' dir='ltr'><strong>der</strong></span> <span class='ocrx_word' id='word_1_179' title='bbox 228 2061 264 2111; x_wconf 90' lang='lat' dir='ltr'><strong>hl.</strong></span> <span class='ocrx_word' id='word_1_180' title='bbox 284 2062 443 2127; x_wconf 76' lang='lat' dir='ltr'><strong>Margarets,</strong></span> <span class='ocrx_word' id='word_1_181' title='bbox 463 2060 510 2111; x_wconf 91' lang='lat' dir='ltr'><strong>der</strong></span> <span class='ocrx_word' id='word_1_182' title='bbox 527 2062 655 2111; x_wconf 81' lang='lat' dir='ltr'><strong>suweilen</strong></span> <span class='ocrx_word' id='word_1_183' title='bbox 673 2061 741 2112; x_wconf 84' lang='lat' dir='ltr'><strong>auch</strong></span> <span class='ocrx_word' id='word_1_184' title='bbox 758 2060 805 2112; x_wconf 89' lang='lat' dir='ltr'><strong>der</strong></span> <span class='ocrx_word' id='word_1_185' title='bbox 822 2062 907 2112; x_wconf 85' lang='lat' dir='ltr'><strong>Numa</strong></span> <span class='ocrx_word' id='word_1_186' title='bbox 923 2061 1029 2112; x_wconf 84' lang='lat' dir='ltr'><strong>Mariua</strong></span> <span class='ocrx_word' id='word_1_187' title='bbox 1045 2062 1164 2127; x_wconf 70' lang='lat' dir='ltr'><strong>gegeben</strong></span> <span class='ocrx_word' id='word_1_188' title='bbox 1181 2059 1255 2111; x_wconf 66' lang='lat' dir='ltr'><strong>vird.</strong></span> 
     </span>
    </p>
   </div>
   <div class='ocr_carea' id='block_1_4' title="bbox 563 2348 936 2439">
    <p class='ocr_par' dir='ltr' id='par_1_4' title="bbox 563 2348 936 2439">
     <span class='ocr_line' id='line_1_23' title="bbox 563 2348 936 2439; baseline -0.003 -1"><span class='ocrx_word' id='word_1_189' title='bbox 563 2380 607 2439; x_wconf 75' lang='lat'><strong>58.</strong></span> <span class='ocrx_word' id='word_1_190' title='bbox 642 2380 681 2438; x_wconf 82' lang='lat' dir='ltr'><strong>its</strong></span> <span class='ocrx_word' id='word_1_191' title='bbox 698 2348 798 2439; x_wconf 76' lang='lat' dir='ltr'><strong>saneta</strong></span> <span class='ocrx_word' id='word_1_192' title='bbox 816 2379 936 2439; x_wconf 76' lang='lat' dir='ltr'><strong>Martha.</strong></span> 
     </span>
    </p>
   </div>
   <div class='ocr_carea' id='block_1_5' title="bbox 294 2557 1224 2759">
    <p class='ocr_par' dir='ltr' id='par_1_5' title="bbox 294 2557 1224 2759">
     <span class='ocr_line' id='line_1_24' title="bbox 294 2557 1224 2630; baseline 0.005 -14"><span class='ocrx_word' id='word_1_193' title='bbox 294 2557 335 2616; x_wconf 90' lang='lat' dir='ltr'><strong>In</strong></span> <span class='ocrx_word' id='word_1_194' title='bbox 359 2557 388 2619; x_wconf 89' lang='lat'><strong>1.</strong></span> <span class='ocrx_word' id='word_1_195' title='bbox 411 2557 607 2630; x_wconf 86' lang='lat' dir='ltr'><strong>Vesperis.</strong></span> <span class='ocrx_word' id='word_1_196' title='bbox 901 2558 943 2618; x_wconf 88' lang='lat' dir='ltr'><strong>In</strong></span> <span class='ocrx_word' id='word_1_197' title='bbox 966 2559 994 2619; x_wconf 90' lang='lat'><strong>1.</strong></span> <span class='ocrx_word' id='word_1_198' title='bbox 1018 2557 1224 2622; x_wconf 85' lang='lat' dir='ltr'><strong>Nocturna.</strong></span> 
     </span>
     <span class='ocr_line' id='line_1_25' title="bbox 339 2675 1150 2759; baseline 0.004 -17"><span class='ocrx_word' id='word_1_199' title='bbox 339 2675 381 2726; x_wconf 66' lang='lat' dir='ltr'><strong>Ad</strong></span> <span class='ocrx_word' id='word_1_200' title='bbox 397 2675 559 2742; x_wconf 54' lang='lat' dir='ltr'><strong>fflfflflffih</strong></span> <span class='ocrx_word' id='word_1_201' title='bbox 973 2691 1150 2759; x_wconf 81' lang='lat' dir='ltr'><strong>Antiphoasa</strong></span> 
     </span>
    </p>
   </div>
   <div class='ocr_carea' id='block_1_6' title="bbox 178 2780 1299 2974">
    <p class='ocr_par' dir='ltr' id='par_1_6' title="bbox 178 2780 1299 2974">
     <span class='ocr_line' id='line_1_26' title="bbox 178 2780 1299 2878; baseline -0.008 7"><span class='ocrx_word' id='word_1_202' title='bbox 178 2785 206 2845; x_wconf 67' lang='grc'><strong>1·</strong></span> <span class='ocrx_word' id='word_1_203' title='bbox 230 2780 363 2841; x_wconf 54' lang='lat' dir='ltr'>(³³¹¹th</span> <span class='ocrx_word' id='word_1_204' title='bbox 383 2781 513 2853; x_wconf 54' lang='lat' dir='ltr'>‘mem&#39;</span> <span class='ocrx_word' id='word_1_205' title='bbox 795 2816 824 2878; x_wconf 81' lang='lat' dir='ltr'><strong>i.</strong></span> <span class='ocrx_word' id='word_1_206' title='bbox 846 2816 928 2876; x_wconf 86' lang='lat' dir='ltr'><strong>Haeo</strong></span> <span class='ocrx_word' id='word_1_207' title='bbox 947 2831 1011 2874; x_wconf 85' lang='lat' dir='ltr'><strong>oum</strong></span> <span class='ocrx_word' id='word_1_208' title='bbox 1033 2815 1105 2874; x_wconf 84' lang='lat' dir='ltr'><strong>ooali</strong></span> <span class='ocrx_word' id='word_1_209' title='bbox 1124 2815 1299 2876; x_wconf 79' lang='lat' dir='ltr'><strong>conditorem</strong></span> 
     </span>
     <span class='ocr_line' id='line_1_27' title="bbox 229 2867 1133 2974; baseline -0.002 -48"><span class='ocrx_word' id='word_1_210' title='bbox 229 2867 385 2926; x_wconf 83' lang='lat' dir='ltr'><strong>Exsulteut</strong></span> <span class='ocrx_word' id='word_1_211' title='bbox 404 2882 502 2925; x_wconf 88' lang='lat' dir='ltr'><strong>omues</strong></span> <span class='ocrx_word' id='word_1_212' title='bbox 524 2867 632 2941; x_wconf 77' lang='lat' dir='ltr'><strong>populi.</strong></span> <span class='ocrx_word' id='word_1_213' title='bbox 886 2900 1010 2974; x_wconf 51' lang='lat' dir='ltr'><strong>Hospita</strong></span> <span class='ocrx_word' id='word_1_214' title='bbox 1031 2899 1133 2974; x_wconf 46' lang='lat' dir='ltr'>reficit,</span> 
     </span>
    </p>
   </div>
   <div class='ocr_carea' id='block_1_7' title="bbox 228 2952 1281 3288">
    <p class='ocr_par' dir='ltr' id='par_1_7' title="bbox 229 2952 1191 3146">
     <span class='ocr_line' id='line_1_28' title="bbox 230 2952 1191 3049; baseline -0.009 -37"><span class='ocrx_word' id='word_1_215' title='bbox 230 2953 338 3012; x_wconf 82' lang='lat' dir='ltr'><strong>Vooura</strong></span> <span class='ocrx_word' id='word_1_216' title='bbox 360 2952 501 3012; x_wconf 86' lang='lat' dir='ltr'><strong>resultent</strong></span> <span class='ocrx_word' id='word_1_217' title='bbox 522 2953 629 3012; x_wconf 91' lang='lat' dir='ltr'><strong>moduli</strong></span> <span class='ocrx_word' id='word_1_218' title='bbox 845 2986 995 3049; x_wconf 56' lang='lat' dir='ltr'><strong>Inimicum</strong></span> <span class='ocrx_word' id='word_1_219' title='bbox 1017 2992 1047 3044; x_wconf 58' lang='lat' dir='ltr'><strong>et</strong></span> <span class='ocrx_word' id='word_1_220' title='bbox 1067 2986 1191 3046; x_wconf 55' lang='lat' dir='ltr'>ultorem</span> 
     </span>
     <span class='ocr_line' id='line_1_29' title="bbox 229 3038 1142 3146; baseline -0.01 -49"><span class='ocrx_word' id='word_1_221' title='bbox 229 3039 278 3097; x_wconf 84' lang='lat' dir='ltr'><strong>Ad</strong></span> <span class='ocrx_word' id='word_1_222' title='bbox 299 3038 433 3097; x_wconf 83' lang='lat' dir='ltr'><strong>Marthae</strong></span> <span class='ocrx_word' id='word_1_223' title='bbox 455 3038 602 3110; x_wconf 85' lang='lat' dir='ltr'><strong>solemnia,</strong></span> <span class='ocrx_word' id='word_1_224' title='bbox 888 3072 1003 3132; x_wconf 54' lang='lat' dir='ltr'>Virtute</span> <span class='ocrx_word' id='word_1_225' title='bbox 1024 3072 1142 3146; x_wconf 54' lang='lat' dir='ltr'><strong>subjicit</strong></span> 
     </span>
    </p>

    <p class='ocr_par' dir='ltr' id='par_1_8' title="bbox 228 3116 1281 3288">
     <span class='ocr_line' id='line_1_30' title="bbox 230 3116 1151 3197; baseline -0.005 -15"><span class='ocrx_word' id='word_1_226' title='bbox 230 3124 308 3195; x_wconf 85' lang='lat' dir='ltr'><strong>Quae</strong></span> <span class='ocrx_word' id='word_1_227' title='bbox 330 3128 492 3182; x_wconf 84' lang='lat' dir='ltr'><strong>sanatorum</strong></span> <span class='ocrx_word' id='word_1_228' title='bbox 515 3124 679 3197; x_wconf 78' lang='lat' dir='ltr'><strong>angelorum</strong></span> <span class='ocrx_word' id='word_1_229' title='bbox 1143 3116 1151 3132; x_wconf 84' lang='lat'>&#39;</span> 
     </span>
     <span class='ocr_line' id='line_1_31' title="bbox 228 3190 1281 3288; baseline -0.011 -26"><span class='ocrx_word' id='word_1_230' title='bbox 228 3211 294 3270; x_wconf 83' lang='lat' dir='ltr'><strong>Jam</strong></span> <span class='ocrx_word' id='word_1_231' title='bbox 316 3208 423 3282; x_wconf 79' lang='lat' dir='ltr'><strong>gaudet</strong></span> <span class='ocrx_word' id='word_1_232' title='bbox 443 3207 577 3288; x_wconf 64' lang='lat' dir='ltr'><strong>hospitio,</strong></span> <span class='ocrx_word' id='word_1_233' title='bbox 793 3195 821 3255; x_wconf 83' lang='lat'><strong>2.</strong></span> <span class='ocrx_word' id='word_1_234' title='bbox 845 3193 954 3254; x_wconf 85' lang='lat' dir='ltr'><strong>Christi</strong></span> <span class='ocrx_word' id='word_1_235' title='bbox 973 3191 1069 3253; x_wconf 84' lang='lat' dir='ltr'><strong>serbis</strong></span> <span class='ocrx_word' id='word_1_236' title='bbox 1092 3190 1281 3267; x_wconf 74' lang='lat' dir='ltr'><strong>exsequendis</strong></span> 
     </span>
    </p>
   </div>
   <div class='ocr_carea' id='block_1_8' title="bbox 229 3277 1218 3451">
    <p class='ocr_par' dir='ltr' id='par_1_9' title="bbox 229 3277 1218 3451">
     <span class='ocr_line' id='line_1_32' title="bbox 229 3277 1197 3370; baseline -0.007 -18"><span class='ocrx_word' id='word_1_237' title='bbox 229 3295 317 3366; x_wconf 84' lang='lat' dir='ltr'><strong>Cujm</strong></span> <span class='ocrx_word' id='word_1_238' title='bbox 339 3293 443 3367; x_wconf 89' lang='lat' dir='ltr'><strong>hospes</strong></span> <span class='ocrx_word' id='word_1_239' title='bbox 466 3294 524 3369; x_wconf 86' lang='lat' dir='ltr'><strong>det,</strong></span> <span class='ocrx_word' id='word_1_240' title='bbox 547 3299 580 3353; x_wconf 87' lang='lat' dir='ltr'><strong>at</strong></span> <span class='ocrx_word' id='word_1_241' title='bbox 600 3311 699 3370; x_wconf 89' lang='lat' dir='ltr'><strong>sospes</strong></span> <span class='ocrx_word' id='word_1_242' title='bbox 888 3279 966 3338; x_wconf 78' lang='lat' dir='ltr'><strong>Mir⁰</strong></span> <span class='ocrx_word' id='word_1_243' title='bbox 988 3284 1071 3339; x_wconf 75' lang='grc'>111111</span> <span class='ocrx_word' id='word_1_244' title='bbox 1092 3277 1197 3356; x_wconf 76' lang='grc' dir='ltr'>1111ᾱί0,</span> 
     </span>
     <span class='ocr_line' id='line_1_33' title="bbox 231 3363 1218 3451; baseline -0.012 -13"><span class='ocrx_word' id='word_1_245' title='bbox 231 3379 339 3438; x_wconf 89' lang='lat' dir='ltr'><strong>Nostra</strong></span> <span class='ocrx_word' id='word_1_246' title='bbox 356 3379 394 3438; x_wconf 89' lang='lat' dir='ltr'><strong>sit</strong></span> <span class='ocrx_word' id='word_1_247' title='bbox 415 3380 545 3451; x_wconf 83' lang='lat' dir='ltr'><strong>intentio,</strong></span> <span class='ocrx_word' id='word_1_248' title='bbox 846 3366 881 3426; x_wconf 88' lang='lat' dir='ltr'><strong>In</strong></span> <span class='ocrx_word' id='word_1_249' title='bbox 902 3365 1004 3439; x_wconf 67' lang='lat' dir='ltr'><strong>quibus</strong></span> <span class='ocrx_word' id='word_1_250' title='bbox 1023 3363 1218 3425; x_wconf 69' lang='lat' dir='ltr'><strong>custodiendis</strong></span> 
     </span>
    </p>
   </div>
   <div class='ocr_carea' id='block_1_9' title="bbox 231 3449 1165 3644">
    <p class='ocr_par' dir='ltr' id='par_1_10' title="bbox 231 3449 1165 3644">
     <span class='ocr_line' id='line_1_34' title="bbox 231 3449 1165 3538; baseline -0.011 -13"><span class='ocrx_word' id='word_1_251' title='bbox 231 3467 292 3538; x_wconf 81' lang='lat' dir='ltr'><strong>Qua</strong></span> <span class='ocrx_word' id='word_1_252' title='bbox 313 3465 404 3524; x_wconf 88' lang='lat' dir='ltr'><strong>seeuti</strong></span> <span class='ocrx_word' id='word_1_253' title='bbox 426 3464 572 3527; x_wconf 84' lang='lat' dir='ltr'><strong>christum</strong></span> <span class='ocrx_word' id='word_1_254' title='bbox 594 3465 648 3524; x_wconf 86' lang='lat' dir='ltr'><strong>tuti</strong></span> <span class='ocrx_word' id='word_1_255' title='bbox 887 3451 982 3511; x_wconf 62' lang='grc'>11111111</span> <span class='ocrx_word' id='word_1_256' title='bbox 1003 3449 1165 3510; x_wconf 66' lang='lat' dir='ltr'><strong>retributio·</strong></span> 
     </span>
     <span class='ocr_line' id='line_1_35' title="bbox 232 3551 1159 3644; baseline -0.014 -32"><span class='ocrx_word' id='word_1_257' title='bbox 232 3551 290 3612; x_wconf 87' lang='lat' dir='ltr'><strong>Sub</strong></span> <span class='ocrx_word' id='word_1_258' title='bbox 313 3552 374 3624; x_wconf 88' lang='lat' dir='ltr'><strong>ejus</strong></span> <span class='ocrx_word' id='word_1_259' title='bbox 395 3551 517 3625; x_wconf 88' lang='lat' dir='ltr'><strong>imperio</strong></span> <span class='ocrx_word' id='word_1_260' title='bbox 794 3575 823 3634; x_wconf 43' lang='lat'><strong>3·</strong></span> <span class='ocrx_word' id='word_1_261' title='bbox 844 3571 926 3630; x_wconf 57' lang='lat' dir='ltr'><strong>Hm</strong></span> <span class='ocrx_word' id='word_1_262' title='bbox 946 3578 991 3630; x_wconf 56' lang='grc' dir='ltr'><strong>ω,</strong></span> <span class='ocrx_word' id='word_1_263' title='bbox 1012 3568 1159 3644; x_wconf 48' lang='lat' dir='ltr'><strong>genoratio</strong></span> 
     </span>
    </p>
   </div>
   <div class='ocr_carea' id='block_1_10' title="bbox 229 3637 1302 3887">
    <p class='ocr_par' dir='ltr' id='par_1_11' title="bbox 229 3637 1302 3887">
     <span class='ocr_line' id='line_1_36' title="bbox 230 3637 1281 3733; baseline -0.005 -34"><span class='ocrx_word' id='word_1_264' title='bbox 230 3639 438 3699; x_wconf 62' lang='lat' dir='ltr'><strong>Muvememur</strong></span> <span class='ocrx_word' id='word_1_265' title='bbox 457 3642 487 3694; x_wconf 90' lang='lat' dir='ltr'><strong>et</strong></span> <span class='ocrx_word' id='word_1_266' title='bbox 507 3637 647 3696; x_wconf 87' lang='lat' dir='ltr'><strong>laetemur</strong></span> <span class='ocrx_word' id='word_1_267' title='bbox 893 3655 1094 3729; x_wconf 53' lang='lat' dir='ltr'><strong>quaerentium</strong></span> <span class='ocrx_word' id='word_1_268' title='bbox 1116 3654 1281 3733; x_wconf 56' lang='lat' dir='ltr'><strong>Dominum,</strong></span> 
     </span>
     <span class='ocr_line' id='line_1_37' title="bbox 229 3722 1123 3816; baseline -0.003 -35"><span class='ocrx_word' id='word_1_269' title='bbox 229 3724 263 3782; x_wconf 89' lang='lat' dir='ltr'><strong>In</strong></span> <span class='ocrx_word' id='word_1_270' title='bbox 286 3723 403 3782; x_wconf 79' lang='lat' dir='ltr'><strong>coelesti</strong></span> <span class='ocrx_word' id='word_1_271' title='bbox 425 3722 507 3783; x_wconf 85' lang='lat' dir='ltr'><strong>solio.</strong></span> <span class='ocrx_word' id='word_1_272' title='bbox 846 3742 935 3814; x_wconf 57' lang='lat' dir='ltr'><strong>cnjus</strong></span> <span class='ocrx_word' id='word_1_273' title='bbox 958 3741 1123 3816; x_wconf 62' lang='lat' dir='ltr'><strong>deprecatio</strong></span> 
     </span>
     <span class='ocr_line' id='line_1_38' title="bbox 888 3826 1302 3887; baseline 0 -1"><span class='ocrx_word' id='word_1_274' title='bbox 888 3827 1013 3886; x_wconf 80' lang='lat' dir='ltr'><strong>Fructus</strong></span> <span class='ocrx_word' id='word_1_275' title='bbox 1035 3826 1131 3887; x_wconf 85' lang='lat' dir='ltr'><strong>reddit</strong></span> <span class='ocrx_word' id='word_1_276' title='bbox 1152 3826 1302 3887; x_wconf 69' lang='lat' dir='ltr'><strong>seminum.</strong></span> 
     </span>
    </p>
   </div>
   <div class='ocr_carea' id='block_1_11' title="bbox 272 3891 1151 4065">
    <p class='ocr_par' dir='ltr' id='par_1_12' title="bbox 272 3891 1151 4065">
     <span class='ocr_line' id='line_1_39' title="bbox 272 3891 587 3952; baseline -0.003 0"><span class='ocrx_word' id='word_1_277' title='bbox 272 3893 327 3952; x_wconf 84' lang='lat' dir='ltr'><strong>Ad</strong></span> <span class='ocrx_word' id='word_1_278' title='bbox 350 3891 587 3952; x_wconf 87' lang='lat' dir='ltr'><strong>Matutinum.</strong></span> 
     </span>
     <span class='ocr_line' id='line_1_40' title="bbox 349 3999 1151 4065; baseline -0.019 -3"><span class='ocrx_word' id='word_1_279' title='bbox 349 4013 544 4064; x_wconf 79' lang='lat' dir='ltr'><strong>invitatorium.</strong></span> <span class='ocrx_word' id='word_1_280' title='bbox 965 3999 1151 4065; x_wconf 83' lang='lat' dir='ltr'><strong>Responsoria.</strong></span> 
     </span>
    </p>
   </div>
   <div class='ocr_carea' id='block_1_12' title="bbox 231 4116 1186 4280">
    <p class='ocr_par' dir='ltr' id='par_1_13' title="bbox 231 4116 1186 4280">
     <span class='ocr_line' id='line_1_41' title="bbox 231 4116 1186 4192; baseline 0.002 -15"><span class='ocrx_word' id='word_1_281' title='bbox 231 4116 345 4177; x_wconf 84' lang='lat' dir='ltr'><strong>Christo</strong></span> <span class='ocrx_word' id='word_1_282' title='bbox 366 4116 426 4191; x_wconf 82' lang='lat' dir='ltr'><strong>regi</strong></span> <span class='ocrx_word' id='word_1_283' title='bbox 449 4116 631 4178; x_wconf 86' lang='lat' dir='ltr'><strong>decantemus</strong></span> <span class='ocrx_word' id='word_1_284' title='bbox 796 4124 823 4184; x_wconf 89' lang='lat'><strong>1.</strong></span> <span class='ocrx_word' id='word_1_285' title='bbox 842 4122 961 4183; x_wconf 86' lang='lat' dir='ltr'><strong>Martha</strong></span> <span class='ocrx_word' id='word_1_286' title='bbox 982 4126 1051 4180; x_wconf 88' lang='lat' dir='ltr'><strong>natu</strong></span> <span class='ocrx_word' id='word_1_287' title='bbox 1072 4119 1186 4192; x_wconf 88' lang='lat' dir='ltr'><strong>nobilis,</strong></span> 
     </span>
     <span class='ocr_line' id='line_1_42' title="bbox 275 4202 1183 4280; baseline 0.006 -20"><span class='ocrx_word' id='word_1_288' title='bbox 275 4202 416 4261; x_wconf 85' lang='lat' dir='ltr'><strong>Devotum</strong></span> <span class='ocrx_word' id='word_1_289' title='bbox 438 4204 631 4280; x_wconf 87' lang='lat' dir='ltr'><strong>praeoouium,</strong></span> <span class='ocrx_word' id='word_1_290' title='bbox 891 4207 949 4267; x_wconf 90' lang='lat' dir='ltr'><strong>Sed</strong></span> <span class='ocrx_word' id='word_1_291' title='bbox 971 4206 1031 4266; x_wconf 88' lang='lat' dir='ltr'><strong>vita</strong></span> <span class='ocrx_word' id='word_1_292' title='bbox 1050 4205 1183 4278; x_wconf 85' lang='lat' dir='ltr'><strong>nobilior,</strong></span> 
     </span>
    </p>
   </div>
   <div class='ocr_carea' id='block_1_13' title="bbox 232 4288 1203 4450">
    <p class='ocr_par' dir='ltr' id='par_1_14' title="bbox 232 4288 1203 4450">
     <span class='ocr_line' id='line_1_43' title="bbox 232 4288 1187 4366; baseline -0.002 -16"><span class='ocrx_word' id='word_1_293' title='bbox 232 4288 284 4350; x_wconf 82' lang='lat' dir='ltr'><strong>cai</strong></span> <span class='ocrx_word' id='word_1_294' title='bbox 305 4304 368 4346; x_wconf 90' lang='lat' dir='ltr'><strong>oum</strong></span> <span class='ocrx_word' id='word_1_295' title='bbox 390 4289 507 4349; x_wconf 88' lang='lat' dir='ltr'><strong>Martha</strong></span> <span class='ocrx_word' id='word_1_296' title='bbox 528 4306 733 4364; x_wconf 85' lang='lat' dir='ltr'><strong>praeparemus</strong></span> <span class='ocrx_word' id='word_1_297' title='bbox 839 4295 873 4354; x_wconf 88' lang='lat' dir='ltr'><strong>In</strong></span> <span class='ocrx_word' id='word_1_298' title='bbox 895 4292 1041 4366; x_wconf 77' lang='lat' dir='ltr'><strong>prosperis</strong></span> <span class='ocrx_word' id='word_1_299' title='bbox 1062 4290 1187 4363; x_wconf 86' lang='lat' dir='ltr'><strong>humilis,</strong></span> 
     </span>
     <span class='ocr_line' id='line_1_44' title="bbox 275 4374 1203 4450; baseline -0.001 -15"><span class='ocrx_word' id='word_1_300' title='bbox 275 4374 403 4435; x_wconf 83' lang='lat' dir='ltr'><strong>Pectoris</strong></span> <span class='ocrx_word' id='word_1_301' title='bbox 425 4375 589 4449; x_wconf 88' lang='lat' dir='ltr'><strong>hospitium.</strong></span> <span class='ocrx_word' id='word_1_302' title='bbox 890 4380 924 4439; x_wconf 91' lang='lat' dir='ltr'><strong>Iu</strong></span> <span class='ocrx_word' id='word_1_303' title='bbox 945 4377 1076 4438; x_wconf 85' lang='lat' dir='ltr'><strong>adversis</strong></span> <span class='ocrx_word' id='word_1_304' title='bbox 1099 4375 1203 4450; x_wconf 87' lang='lat' dir='ltr'><strong>potior,</strong></span> 
     </span>
    </p>
   </div>
   <div class='ocr_carea' id='block_1_14' title="bbox 0 0 1480 4868">
    <p class='ocr_par' dir='ltr' id='par_1_15' title="bbox 0 0 1480 4868">
     <span class='ocr_line' id='line_1_45' title="bbox 0 0 1480 4868; baseline 0 0"><span class='ocrx_word' id='word_1_305' title='bbox 0 0 1480 4868; x_wconf 95' lang='lat' dir='ltr'><strong> </strong></span> 
     </span>
    </p>
   </div>
  </div>
 </body>
</html>
