2918 4868
622 263 853 327 -254-

396 440 422 496 5.
447 437 534 509 CnJ'us
556 439 697 496 obscaeno
719 438 822 496 misere
842 437 871 495 in
894 444 1010 497 traconc

448 523 568 596 Corpus,
592 529 624 582 nt
646 523 754 583 Christi
778 521 899 583 famulos
922 524 1036 596 lateret,

449 608 540 681 ldqne
562 609 672 668 Lucina
693 610 801 668 tumulo
824 609 933 682 quievit

495 695 642 768 Nocteque
664 695 773 768 prodis.

395 817 422 875 6.
446 814 486 875 Ut
509 815 565 872 tuis
586 832 638 873 ora
660 815 770 873 meritis
790 815 890 873 Jesunr

448 902 532 960 Peste
555 900 679 959 contacti
701 900 880 959 redimantur
901 917 999 960 omncs

449 986 545 1058 thue
568 986 720 1058 Gumperti
741 987 787 1044 lue
809 987 924 1060 dempta
948 987 1090 1060 quondam

491 1071 589 1129 Patria
609 1078 679 1134 tota.

397 1193 425 1254 7.
449 1191 528 1250 Unus
551 1196 580 1248 et
602 1191 694 1249 trinus
718 1191 911 1264 Dominusque
934 1200 1029 1249 rector

447 1277 540 1336 Corde
562 1276 695 1334 laudetur
717 1276 870 1348 stabilique
892 1284 996 1349 mente,

449 1361 558 1421 cuncta
577 1361 625 1434 qui
647 1362 770 1437 plasmat
792 1361 867 1435 regit
888 1366 918 1420 et
941 1369 1074 1435 potenter

492 1447 593 1508 Saecla
613 1463 666 1520 per
688 1447 774 1510 orbis.

216 1581 304 1632 Aurea
321 1582 462 1646 Expositio
481 1584 637 1644 hymnorum
660 1599 713 1632 nna
735 1599 793 1632 curn
820 1587 893 1632 textu
911 1584 1015 1633 noviter
1032 1582 1171 1632 emendata
1189 1599 1235 1647 per
1251 1583 1328 1633 Jaco-

148 1649 210 1698 bum
229 1650 318 1700 Alora.
337 1649 515 1701 Salmanticae
539 1648 611 1702 1501.
634 1677 662 1686 -
684 1652 794 1715 „Jacobi
813 1650 893 1701 diora
911 1653 1024 1716 hymnus
1042 1652 1104 1701 divo
1122 1652 1231 1715 martyri
1250 1650 1329 1701 Seba-

147 1719 234 1767 stiano
253 1719 297 1782 pie
315 1718 441 1769 dicatus.“

525 1973 588 2029 442.
626 1972 665 2031 be
683 1974 780 2030 sancta
799 1971 946 2031 Silvestre.

649 2111 693 2166 Ad
714 2112 828 2168 Laudes.

149 2256 178 2318 1.
201 2256 357 2314 Prccamur
380 2261 489 2314 tantum
513 2256 675 2328 praesulem
763 2259 793 2317 2.
817 2257 974 2330 Despiccrc
997 2257 1137 2327 mortalia,

202 2342 257 2399 Pro
280 2340 363 2398 nobis
386 2357 449 2398 esse
471 2342 640 2415 supplicem,
819 2345 965 2415 appetere
987 2342 1131 2414 coelestia,

200 2427 293 2485 Prcce
316 2427 409 2485 solvat
432 2426 608 2492 criminibus,
817 2427 920 2486 Secum
942 2428 1068 2500 gaudere
1091 2426 1178 2486 faciut

199 2511 286 2569 Prccc
309 2511 403 2569 firmet
425 2512 589 2572 virtutibus.
817 2513 925 2571 Eratos
948 2514 1042 2571 carnis
1065 2513 1186 2571 sarcina.

505 2636 533 2693 3.
560 2634 669 2701 Annae,
693 2632 806 2692 Christe
828 2633 971 2705 precibus,

554 2718 692 2776 Caicum
715 2723 807 2791 patre,
830 2718 935 2790 spiritu

555 2803 609 2861 Est
630 2819 735 2876 perpes
757 2803 857 2875 virtus,
884 2803 977 2876 gloria

554 2891 581 2946 A
605 2889 726 2947 saeculis
749 2888 778 2947 in
802 2890 925 2949 saecula.

215 3025 290 3072 Brev.
310 3038 356 3073 rna.
376 3024 550 3089 Hispanicum
569 3038 636 3073 saec
656 3019 723 3086 ”tra
742 3022 969 3074 Communium.
988 3023 1053 3074 Add.
1072 3022 1171 3077 30849.

532 3255 595 3312 443.
631 3256 670 3312 be
688 3254 835 3314 Sororibus
852 3256 930 3313 lllll'.

651 3394 694 3449 Ad
711 3395 826 3451 Laudes.

147 3541 179 3599 1.
203 3538 336 3596 Exsultet
359 3539 468 3596 coelum
493 3538 625 3596 laudibus
763 3542 790 3599 2.
816 3541 907 3599 Datus
930 3557 1050 3613 sponsus
1070 3541 1208 3598 ccclesiae

198 3626 238 3684 Et
261 3624 363 3682 chorus
386 3631 483 3682 noster·
505 3624 616 3696 gaudiis
815 3626 869 3683 Est
891 3641 926 3683 ex
948 3626 1050 3684 Annae
1073 3626 1218 3699 progenie,

200 3710 311 3770 Canens
333 3709 467 3783 hymnum
490 3709 636 3767 sororibus
815 3712 866 3769 bui
891 3712 976 3769 datae
999 3716 1064 3768 sunt
1087 3717 1145 3769 tres
1165 3710 1240 3769 liliac

197 3797 230 3854 ln
255 3794 298 3853 bis
320 3795 409 3854 sacris
431 3795 587 3854 solemniis.
814 3796 926 3854 Nomen
946 3803 1077 3870 gerentes
1099 3797 1219 3858 Mariae.

476 3917 504 3974 3.
528 3915 585 3973 Per
605 3932 734 3976 sororum
756 3916 891 3990 suffragia

529 4000 628 4059 Trium
649 4003 732 4060 unius
754 4002 875 4062 nominis

529 4088 585 4146 Det
607 4087 691 4146 nobis
712 4088 785 4146 coeli
805 4088 910 4162 gaudia

529 4172 633 4232 Trinus
656 4173 739 4232 nnius
758 4174 890 4240 numinis.

181 4380 187 4391 Ι
213 4311 288 4360 Brev.
308 4310 463 4391 Seguntium
488 4310 549 4373 imp.
569 4309 712 4373 Seguntiae
738 4306 811 4360 1561.
837 4335 868 4344 -
894 4305 917 4371 2,
943 4306 959 4358 2
981 4308 1017 4358 Et
1041 4325 1073 4358 ex
1092 4307 1192 4357 Annae.
1210 4334 1243 4342 —
1261 4304 1320 4368 3‚4

143 4393 221 4430 uanus
239 4393 362 4429 muneris.
