<?xml version="1.0" encoding="UTF-8"?>
<!DOCTYPE html PUBLIC "-//W3C//DTD XHTML 1.0 Transitional//EN"
    "http://www.w3.org/TR/xhtml1/DTD/xhtml1-transitional.dtd">
<html xmlns="http://www.w3.org/1999/xhtml" xml:lang="en" lang="en">
 <head>
  <title>
</title>
<meta http-equiv="Content-Type" content="text/html;charset=utf-8" />
  <meta name='ocr-system' content='tesseract 3.04.00' />
  <meta name='ocr-capabilities' content='ocr_page ocr_carea ocr_par ocr_line ocrx_word'/>
</head>
<body>
  <div class='ocr_page' id='page_1' title='image "./hymnodiahiberic00drevgoog_0321.png"; bbox 0 0 2918 4868; ppageno 0'>
   <div class='ocr_carea' id='block_1_1' title="bbox 672 247 886 312">
    <p class='ocr_par' dir='ltr' id='par_1_1' title="bbox 672 247 886 312">
     <span class='ocr_line' id='line_1_1' title="bbox 672 247 886 312; baseline -0.019 -13"><span class='ocrx_word' id='word_1_1' title='bbox 672 247 886 312; x_wconf 49' lang='lat'>..244</span> 
     </span>
    </p>
   </div>
   <div class='ocr_carea' id='block_1_2' title="bbox 308 423 631 484">
    <p class='ocr_par' dir='ltr' id='par_1_2' title="bbox 308 423 631 484">
     <span class='ocr_line' id='line_1_2' title="bbox 308 423 631 484; baseline 0 -2"><span class='ocrx_word' id='word_1_2' title='bbox 308 424 348 482; x_wconf 92' lang='lat' dir='ltr'>ln</span> <span class='ocrx_word' id='word_1_3' title='bbox 372 426 400 484; x_wconf 90' lang='grc'>3.</span> <span class='ocrx_word' id='word_1_4' title='bbox 424 423 631 482; x_wconf 84' lang='lat' dir='ltr'>Nocturno.</span> 
     </span>
    </p>
   </div>
   <div class='ocr_carea' id='block_1_3' title="bbox 381 557 558 624">
    <p class='ocr_par' dir='ltr' id='par_1_3' title="bbox 381 557 558 624">
     <span class='ocr_line' id='line_1_3' title="bbox 381 557 558 624; baseline 0.011 -16"><span class='ocrx_word' id='word_1_5' title='bbox 381 557 558 624; x_wconf 78' lang='lat' dir='ltr'>Antiphonaa.</span> 
     </span>
    </p>
   </div>
   <div class='ocr_carea' id='block_1_4' title="bbox 193 678 662 998">
    <p class='ocr_par' dir='ltr' id='par_1_4' title="bbox 193 678 662 998">
     <span class='ocr_line' id='line_1_4' title="bbox 193 678 555 742; baseline -0.014 -1"><span class='ocrx_word' id='word_1_6' title='bbox 193 682 222 742; x_wconf 92' lang='lat'>1.</span> <span class='ocrx_word' id='word_1_7' title='bbox 248 679 331 739; x_wconf 86' lang='lat' dir='ltr'><strong>Licet</strong></span> <span class='ocrx_word' id='word_1_8' title='bbox 353 686 446 737; x_wconf 89' lang='lat' dir='ltr'>tamen</span> <span class='ocrx_word' id='word_1_9' title='bbox 469 678 555 737; x_wconf 86' lang='lat' dir='ltr'>bodie</span> 
     </span>
     <span class='ocr_line' id='line_1_5' title="bbox 292 764 648 837; baseline -0.003 -15"><span class='ocrx_word' id='word_1_10' title='bbox 292 765 335 823; x_wconf 92' lang='lat' dir='ltr'>Sit</span> <span class='ocrx_word' id='word_1_11' title='bbox 360 765 421 822; x_wconf 90' lang='lat' dir='ltr'>dies</span> <span class='ocrx_word' id='word_1_12' title='bbox 444 764 648 837; x_wconf 80' lang='lat' dir='ltr'><strong>conceptionis,</strong></span> 
     </span>
     <span class='ocr_line' id='line_1_6' title="bbox 249 849 606 923; baseline -0.006 -15"><span class='ocrx_word' id='word_1_13' title='bbox 249 849 366 908; x_wconf 82' lang='lat' dir='ltr'><strong>Festum</strong></span> <span class='ocrx_word' id='word_1_14' title='bbox 388 851 465 909; x_wconf 91' lang='lat' dir='ltr'>istud</span> <span class='ocrx_word' id='word_1_15' title='bbox 488 851 606 923; x_wconf 82' lang='lat' dir='ltr'>proprie</span> 
     </span>
     <span class='ocr_line' id='line_1_7' title="bbox 292 935 662 998; baseline -0.005 -5"><span class='ocrx_word' id='word_1_16' title='bbox 292 935 342 993; x_wconf 87' lang='lat' dir='ltr'>Fit</span> <span class='ocrx_word' id='word_1_17' title='bbox 363 935 475 995; x_wconf 85' lang='lat' dir='ltr'>Mariae</span> <span class='ocrx_word' id='word_1_18' title='bbox 496 935 662 998; x_wconf 86' lang='lat' dir='ltr'>sanctionis,</span> 
     </span>
    </p>
   </div>
   <div class='ocr_carea' id='block_1_5' title="bbox 190 1053 627 1384">
    <p class='ocr_par' dir='ltr' id='par_1_5' title="bbox 190 1053 627 1384">
     <span class='ocr_line' id='line_1_8' title="bbox 190 1053 606 1128; baseline -0.017 -10"><span class='ocrx_word' id='word_1_19' title='bbox 190 1059 219 1117; x_wconf 83' lang='lat'>2.</span> <span class='ocrx_word' id='word_1_20' title='bbox 247 1057 341 1116; x_wconf 84' lang='lat' dir='ltr'>Fusco</span> <span class='ocrx_word' id='word_1_21' title='bbox 367 1053 398 1113; x_wconf 89' lang='lat' dir='ltr'>lit</span> <span class='ocrx_word' id='word_1_22' title='bbox 421 1055 606 1128; x_wconf 78' lang='lat' dir='ltr'>conceptione</span> 
     </span>
     <span class='ocr_line' id='line_1_9' title="bbox 289 1139 576 1212; baseline -0.014 -11"><span class='ocrx_word' id='word_1_23' title='bbox 289 1140 394 1212; x_wconf 84' lang='lat' dir='ltr'>Maria,</span> <span class='ocrx_word' id='word_1_24' title='bbox 418 1140 470 1198; x_wconf 91' lang='lat' dir='ltr'>sed</span> <span class='ocrx_word' id='word_1_25' title='bbox 493 1139 576 1198; x_wconf 91' lang='lat' dir='ltr'>citius</span> 
     </span>
     <span class='ocr_line' id='line_1_10' title="bbox 246 1225 580 1286; baseline -0.012 0"><span class='ocrx_word' id='word_1_26' title='bbox 246 1227 292 1286; x_wconf 84' lang='lat' dir='ltr'>Ex</span> <span class='ocrx_word' id='word_1_27' title='bbox 316 1225 413 1285; x_wconf 89' lang='lat' dir='ltr'>divina</span> <span class='ocrx_word' id='word_1_28' title='bbox 434 1225 580 1284; x_wconf 78' lang='lat' dir='ltr'>sanctione</span> 
     </span>
     <span class='ocr_line' id='line_1_11' title="bbox 291 1310 627 1384; baseline -0.003 -12"><span class='ocrx_word' id='word_1_29' title='bbox 291 1313 431 1372; x_wconf 80' lang='lat' dir='ltr'>Formosa</span> <span class='ocrx_word' id='word_1_30' title='bbox 452 1310 485 1368; x_wconf 89' lang='lat' dir='ltr'>fit</span> <span class='ocrx_word' id='word_1_31' title='bbox 506 1310 627 1384; x_wconf 90' lang='lat' dir='ltr'>plenius.</span> 
     </span>
    </p>
   </div>
   <div class='ocr_carea' id='block_1_6' title="bbox 187 1428 599 1758">
    <p class='ocr_par' dir='ltr' id='par_1_6' title="bbox 187 1428 599 1588">
     <span class='ocr_line' id='line_1_12' title="bbox 187 1428 554 1494; baseline -0.016 0"><span class='ocrx_word' id='word_1_32' title='bbox 187 1436 216 1494; x_wconf 88' lang='grc'>3.</span> <span class='ocrx_word' id='word_1_33' title='bbox 248 1431 343 1489; x_wconf 88' lang='lat' dir='ltr'>Hodie</span> <span class='ocrx_word' id='word_1_34' title='bbox 366 1428 421 1488; x_wconf 84' lang='lat' dir='ltr'>fuit</span> <span class='ocrx_word' id='word_1_35' title='bbox 442 1431 554 1489; x_wconf 87' lang='lat' dir='ltr'>Mariae</span> 
     </span>
     <span class='ocr_line' id='line_1_13' title="bbox 287 1515 599 1588; baseline -0.003 -14"><span class='ocrx_word' id='word_1_36' title='bbox 287 1517 419 1575; x_wconf 90' lang='lat' dir='ltr'>Humana</span> <span class='ocrx_word' id='word_1_37' title='bbox 441 1515 599 1588; x_wconf 75' lang='lat' dir='ltr'>conceptio,</span> 
     </span>
    </p>

    <p class='ocr_par' dir='ltr' id='par_1_7' title="bbox 248 1601 584 1758">
     <span class='ocr_line' id='line_1_14' title="bbox 248 1601 553 1675; baseline -0.01 -14"><span class='ocrx_word' id='word_1_38' title='bbox 248 1602 483 1675; x_wconf 85' lang='lat' dir='ltr'>Octogesimaque</span> <span class='ocrx_word' id='word_1_39' title='bbox 506 1601 553 1659; x_wconf 93' lang='lat' dir='ltr'>die</span> 
     </span>
     <span class='ocr_line' id='line_1_15' title="bbox 290 1686 584 1758; baseline 0.01 -13"><span class='ocrx_word' id='word_1_40' title='bbox 290 1687 359 1745; x_wconf 86' lang='lat' dir='ltr'>Fuit</span> <span class='ocrx_word' id='word_1_41' title='bbox 381 1688 442 1758; x_wconf 91' lang='lat' dir='ltr'>ejus</span> <span class='ocrx_word' id='word_1_42' title='bbox 464 1686 584 1748; x_wconf 88' lang='lat' dir='ltr'>sanctio.</span> 
     </span>
    </p>
   </div>
   <div class='ocr_carea' id='block_1_7' title="bbox 374 1856 559 1921">
    <p class='ocr_par' dir='ltr' id='par_1_8' title="bbox 374 1856 559 1921">
     <span class='ocr_line' id='line_1_16' title="bbox 374 1856 559 1921; baseline -0.016 -15"><span class='ocrx_word' id='word_1_43' title='bbox 374 1856 559 1921; x_wconf 76' lang='lat' dir='ltr'>Respousoria.</span> 
     </span>
    </p>
   </div>
   <div class='ocr_carea' id='block_1_8' title="bbox 183 1961 662 2718">
    <p class='ocr_par' dir='ltr' id='par_1_9' title="bbox 183 1961 662 2718">
     <span class='ocr_line' id='line_1_17' title="bbox 188 1961 394 2032; baseline -0.005 -11"><span class='ocrx_word' id='word_1_44' title='bbox 188 1962 216 2021; x_wconf 93' lang='lat'>1.</span> <span class='ocrx_word' id='word_1_45' title='bbox 245 1961 269 2018; x_wconf 93' lang='lat'>0</span> <span class='ocrx_word' id='word_1_46' title='bbox 290 1961 394 2032; x_wconf 83' lang='lat' dir='ltr'>Maria,</span> 
     </span>
     <span class='ocr_line' id='line_1_18' title="bbox 245 2047 662 2123; baseline -0.007 -18"><span class='ocrx_word' id='word_1_47' title='bbox 245 2047 335 2119; x_wconf 80' lang='lat' dir='ltr'>Quam</span> <span class='ocrx_word' id='word_1_48' title='bbox 358 2047 444 2121; x_wconf 91' lang='lat' dir='ltr'>digna</span> <span class='ocrx_word' id='word_1_49' title='bbox 466 2062 497 2104; x_wconf 83' lang='lat' dir='ltr'>es</span> <span class='ocrx_word' id='word_1_50' title='bbox 519 2061 662 2123; x_wconf 84' lang='lat' dir='ltr'>praeesse,</span> 
     </span>
     <span class='ocr_line' id='line_1_19' title="bbox 245 2131 416 2192; baseline -0.012 0"><span class='ocrx_word' id='word_1_51' title='bbox 245 2132 344 2192; x_wconf 84' lang='lat' dir='ltr'>Virtus</span> <span class='ocrx_word' id='word_1_52' title='bbox 367 2131 416 2192; x_wconf 86' lang='lat' dir='ltr'>dia</span> 
     </span>
     <span class='ocr_line' id='line_1_20' title="bbox 246 2215 487 2290; baseline -0.021 -12"><span class='ocrx_word' id='word_1_53' title='bbox 246 2217 384 2290; x_wconf 85' lang='lat' dir='ltr'>Originali</span> <span class='ocrx_word' id='word_1_54' title='bbox 407 2215 487 2275; x_wconf 80' lang='lat' dir='ltr'>faece</span> 
     </span>
     <span class='ocr_line' id='line_1_21' title="bbox 246 2302 465 2374; baseline 0.005 -13"><span class='ocrx_word' id='word_1_55' title='bbox 246 2304 288 2361; x_wconf 89' lang='lat' dir='ltr'>Te</span> <span class='ocrx_word' id='word_1_56' title='bbox 307 2302 465 2374; x_wconf 84' lang='lat' dir='ltr'>mundavit,</span> 
     </span>
     <span class='ocr_line' id='line_1_22' title="bbox 244 2385 636 2462; baseline -0.01 -15"><span class='ocrx_word' id='word_1_57' title='bbox 244 2389 314 2448; x_wconf 88' lang='lat' dir='ltr'>Mox</span> <span class='ocrx_word' id='word_1_58' title='bbox 336 2404 399 2446; x_wconf 89' lang='lat' dir='ltr'>cnm</span> <span class='ocrx_word' id='word_1_59' title='bbox 422 2395 451 2445; x_wconf 92' lang='lat' dir='ltr'>te</span> <span class='ocrx_word' id='word_1_60' title='bbox 474 2385 636 2462; x_wconf 70' lang='lat' dir='ltr'>faciteam,</span> 
     </span>
     <span class='ocr_line' id='line_1_23' title="bbox 239 2473 418 2533; baseline -0.006 -2"><span class='ocrx_word' id='word_1_61' title='bbox 239 2474 272 2531; x_wconf 93' lang='lat' dir='ltr'>ln</span> <span class='ocrx_word' id='word_1_62' title='bbox 295 2473 350 2532; x_wconf 91' lang='lat' dir='ltr'>hac</span> <span class='ocrx_word' id='word_1_63' title='bbox 371 2473 418 2533; x_wconf 88' lang='lat' dir='ltr'>via</span> 
     </span>
     <span class='ocr_line' id='line_1_24' title="bbox 247 2558 590 2630; baseline -0.003 -13"><span class='ocrx_word' id='word_1_64' title='bbox 247 2558 307 2617; x_wconf 91' lang='lat' dir='ltr'>Nos</span> <span class='ocrx_word' id='word_1_65' title='bbox 329 2559 410 2618; x_wconf 84' lang='lat' dir='ltr'>salva</span> <span class='ocrx_word' id='word_1_66' title='bbox 425 2566 474 2616; x_wconf 88' lang='lat' dir='ltr'>tua</span> <span class='ocrx_word' id='word_1_67' title='bbox 489 2574 590 2630; x_wconf 80' lang='lat' dir='ltr'>prece3</span> 
     </span>
     <span class='ocr_line' id='line_1_25' title="bbox 183 2645 354 2718; baseline -0.006 -14"><span class='ocrx_word' id='word_1_68' title='bbox 183 2645 218 2706; x_wconf 88' lang='lat' dir='ltr'>v.</span> <span class='ocrx_word' id='word_1_69' title='bbox 241 2645 354 2718; x_wconf 78' lang='lat' dir='ltr'>Agonia</span> 
     </span>
    </p>
   </div>
   <div class='ocr_carea' id='block_1_9' title="bbox 285 2727 744 2801">
    <p class='ocr_par' dir='ltr' id='par_1_10' title="bbox 285 2727 744 2801">
     <span class='ocr_line' id='line_1_26' title="bbox 285 2727 744 2801; baseline -0.002 -14"><span class='ocrx_word' id='word_1_70' title='bbox 285 2735 351 2788; x_wconf 88' lang='lat' dir='ltr'>sunt</span> <span class='ocrx_word' id='word_1_71' title='bbox 374 2735 489 2787; x_wconf 88' lang='lat' dir='ltr'>nostrae</span> <span class='ocrx_word' id='word_1_72' title='bbox 509 2734 617 2787; x_wconf 88' lang='lat' dir='ltr'>mentes</span> <span class='ocrx_word' id='word_1_73' title='bbox 640 2727 744 2801; x_wconf 87' lang='lat' dir='ltr'>lessae,</span> 
     </span>
    </p>
   </div>
   <div class='ocr_carea' id='block_1_10' title="bbox 242 2813 418 2887">
    <p class='ocr_par' dir='ltr' id='par_1_11' title="bbox 242 2813 418 2887">
     <span class='ocr_line' id='line_1_27' title="bbox 242 2813 418 2887; baseline -0.017 -13"><span class='ocrx_word' id='word_1_74' title='bbox 242 2816 339 2874; x_wconf 87' lang='lat' dir='ltr'>Mater</span> <span class='ocrx_word' id='word_1_75' title='bbox 361 2813 418 2887; x_wconf 89' lang='lat' dir='ltr'>pia,</span> 
     </span>
    </p>
   </div>
   <div class='ocr_carea' id='block_1_11' title="bbox 287 2899 714 2975">
    <p class='ocr_par' dir='ltr' id='par_1_12' title="bbox 287 2899 714 2975">
     <span class='ocr_line' id='line_1_28' title="bbox 287 2899 714 2975; baseline 0.005 -17"><span class='ocrx_word' id='word_1_76' title='bbox 287 2901 357 2959; x_wconf 85' lang='lat' dir='ltr'>Cum</span> <span class='ocrx_word' id='word_1_77' title='bbox 380 2899 446 2956; x_wconf 91' lang='lat' dir='ltr'>hinc</span> <span class='ocrx_word' id='word_1_78' title='bbox 468 2905 552 2958; x_wconf 87' lang='lat' dir='ltr'>erunt</span> <span class='ocrx_word' id='word_1_79' title='bbox 573 2917 714 2975; x_wconf 77' lang='lat' dir='ltr'>egressae,</span> 
     </span>
    </p>
   </div>
   <div class='ocr_carea' id='block_1_12' title="bbox 244 2985 699 3144">
    <p class='ocr_par' dir='ltr' id='par_1_13' title="bbox 244 2985 699 3144">
     <span class='ocr_line' id='line_1_29' title="bbox 244 2985 402 3045; baseline -0.006 -1"><span class='ocrx_word' id='word_1_80' title='bbox 244 2985 402 3045; x_wconf 86' lang='lat' dir='ltr'>Harmonia</span> 
     </span>
     <span class='ocr_line' id='line_1_30' title="bbox 285 3070 699 3144; baseline 0.002 -13"><span class='ocrx_word' id='word_1_81' title='bbox 285 3070 363 3131; x_wconf 84' lang='lat' dir='ltr'>Coeli</span> <span class='ocrx_word' id='word_1_82' title='bbox 386 3070 525 3144; x_wconf 75' lang='lat' dir='ltr'>plaudant</span> <span class='ocrx_word' id='word_1_83' title='bbox 547 3076 577 3128; x_wconf 85' lang='lat' dir='ltr'>et</span> <span class='ocrx_word' id='word_1_84' title='bbox 599 3087 699 3134; x_wconf 87' lang='lat' dir='ltr'>messe.</span> 
     </span>
    </p>
   </div>
   <div class='ocr_carea' id='block_1_13' title="bbox 180 3190 646 4020">
    <p class='ocr_par' dir='ltr' id='par_1_14' title="bbox 180 3190 646 4020">
     <span class='ocr_line' id='line_1_31' title="bbox 183 3190 484 3254; baseline -0.01 -2"><span class='ocrx_word' id='word_1_85' title='bbox 183 3196 213 3254; x_wconf 91' lang='lat'>2.</span> <span class='ocrx_word' id='word_1_86' title='bbox 244 3192 285 3250; x_wconf 86' lang='lat' dir='ltr'>Es</span> <span class='ocrx_word' id='word_1_87' title='bbox 306 3190 484 3250; x_wconf 85' lang='lat' dir='ltr'>sanctificata</span> 
     </span>
     <span class='ocr_line' id='line_1_32' title="bbox 241 3277 463 3349; baseline -0.005 -13"><span class='ocrx_word' id='word_1_88' title='bbox 241 3277 336 3336; x_wconf 84' lang='lat' dir='ltr'>Maria</span> <span class='ocrx_word' id='word_1_89' title='bbox 357 3282 463 3349; x_wconf 88' lang='lat' dir='ltr'>creata,</span> 
     </span>
     <span class='ocr_line' id='line_1_33' title="bbox 242 3361 473 3436; baseline 0 -16"><span class='ocrx_word' id='word_1_90' title='bbox 242 3362 331 3436; x_wconf 85' lang='lat' dir='ltr'>Virgo</span> <span class='ocrx_word' id='word_1_91' title='bbox 352 3361 473 3434; x_wconf 88' lang='lat' dir='ltr'>illibata,</span> 
     </span>
     <span class='ocr_line' id='line_1_34' title="bbox 243 3447 530 3521; baseline -0.003 -15"><span class='ocrx_word' id='word_1_92' title='bbox 243 3448 340 3506; x_wconf 84' lang='lat' dir='ltr'>Mater·</span> <span class='ocrx_word' id='word_1_93' title='bbox 362 3447 416 3506; x_wconf 91' lang='lat' dir='ltr'>Dei</span> <span class='ocrx_word' id='word_1_94' title='bbox 439 3453 530 3521; x_wconf 86' lang='lat' dir='ltr'>grata,</span> 
     </span>
     <span class='ocr_line' id='line_1_35' title="bbox 240 3532 503 3607; baseline -0.004 -15"><span class='ocrx_word' id='word_1_95' title='bbox 240 3534 288 3592; x_wconf 81' lang='lat' dir='ltr'>Ad</span> <span class='ocrx_word' id='word_1_96' title='bbox 308 3549 397 3607; x_wconf 91' lang='lat' dir='ltr'>regna</span> <span class='ocrx_word' id='word_1_97' title='bbox 418 3532 503 3591; x_wconf 88' lang='lat' dir='ltr'>beata</span> 
     </span>
     <span class='ocr_line' id='line_1_36' title="bbox 238 3618 522 3678; baseline -0.004 -1"><span class='ocrx_word' id='word_1_98' title='bbox 238 3618 302 3677; x_wconf 88' lang='lat' dir='ltr'>Duc</span> <span class='ocrx_word' id='word_1_99' title='bbox 324 3635 375 3676; x_wconf 93' lang='lat' dir='ltr'>uos</span> <span class='ocrx_word' id='word_1_100' title='bbox 395 3618 522 3678; x_wconf 84' lang='lat' dir='ltr'>exaltata</span> 
     </span>
     <span class='ocr_line' id='line_1_37' title="bbox 238 3703 576 3763; baseline -0.009 0"><span class='ocrx_word' id='word_1_101' title='bbox 238 3704 284 3763; x_wconf 82' lang='lat' dir='ltr'>Ac</span> <span class='ocrx_word' id='word_1_102' title='bbox 306 3703 342 3762; x_wconf 90' lang='lat' dir='ltr'>de</span> <span class='ocrx_word' id='word_1_103' title='bbox 365 3710 463 3762; x_wconf 84' lang='lat' dir='ltr'>nostra</span> <span class='ocrx_word' id='word_1_104' title='bbox 484 3709 576 3762; x_wconf 89' lang='lat' dir='ltr'>strata</span> 
     </span>
     <span class='ocr_line' id='line_1_38' title="bbox 234 3789 503 3862; baseline -0.007 -14"><span class='ocrx_word' id='word_1_105' title='bbox 234 3789 354 3862; x_wconf 84' lang='lat' dir='ltr'>Repello</span> <span class='ocrx_word' id='word_1_106' title='bbox 375 3795 503 3862; x_wconf 87' lang='lat' dir='ltr'>peccata,</span> 
     </span>
     <span class='ocr_line' id='line_1_39' title="bbox 180 3873 646 3946; baseline -0.011 -10"><span class='ocrx_word' id='word_1_107' title='bbox 180 3876 213 3938; x_wconf 86' lang='lat' dir='ltr'>V.</span> <span class='ocrx_word' id='word_1_108' title='bbox 236 3874 282 3933; x_wconf 89' lang='lat' dir='ltr'>Sis</span> <span class='ocrx_word' id='word_1_109' title='bbox 303 3873 387 3932; x_wconf 91' lang='lat' dir='ltr'>nobis</span> <span class='ocrx_word' id='word_1_110' title='bbox 408 3873 558 3946; x_wconf 81' lang='lat' dir='ltr'>advocata,</span> <span class='ocrx_word' id='word_1_111' title='bbox 644 3901 646 3905; x_wconf 43' lang='lat'><em>⁷</em></span> 
     </span>
     <span class='ocr_line' id='line_1_40' title="bbox 238 3960 501 4020; baseline 0.008 -2"><span class='ocrx_word' id='word_1_112' title='bbox 238 3960 334 4018; x_wconf 86' lang='lat' dir='ltr'>Maria</span> <span class='ocrx_word' id='word_1_113' title='bbox 357 3966 501 4020; x_wconf 90' lang='lat' dir='ltr'>coronata.</span> 
     </span>
    </p>
   </div>
   <div class='ocr_carea' id='block_1_14' title="bbox 179 4079 709 4411">
    <p class='ocr_par' dir='ltr' id='par_1_15' title="bbox 179 4079 709 4411">
     <span class='ocr_line' id='line_1_41' title="bbox 179 4079 500 4151; baseline -0.012 -9"><span class='ocrx_word' id='word_1_114' title='bbox 179 4083 208 4142; x_wconf 85' lang='grc'>3.</span> <span class='ocrx_word' id='word_1_115' title='bbox 239 4079 330 4138; x_wconf 83' lang='lat' dir='ltr'>Stella</span> <span class='ocrx_word' id='word_1_116' title='bbox 351 4079 500 4151; x_wconf 90' lang='lat' dir='ltr'>matutina,</span> 
     </span>
     <span class='ocr_line' id='line_1_42' title="bbox 282 4162 684 4236; baseline 0.005 -15"><span class='ocrx_word' id='word_1_117' title='bbox 282 4162 327 4222; x_wconf 82' lang='lat' dir='ltr'>fer</span> <span class='ocrx_word' id='word_1_118' title='bbox 348 4164 452 4236; x_wconf 92' lang='lat' dir='ltr'>lumen,</span> <span class='ocrx_word' id='word_1_119' title='bbox 472 4166 512 4223; x_wconf 88' lang='lat' dir='ltr'>sis</span> <span class='ocrx_word' id='word_1_120' title='bbox 532 4166 684 4236; x_wconf 81' lang='lat' dir='ltr'>medicina,</span> 
     </span>
     <span class='ocr_line' id='line_1_43' title="bbox 238 4250 521 4324; baseline -0.007 -13"><span class='ocrx_word' id='word_1_121' title='bbox 238 4250 343 4311; x_wconf 91' lang='lat' dir='ltr'>Pellito</span> <span class='ocrx_word' id='word_1_122' title='bbox 364 4257 521 4324; x_wconf 88' lang='lat' dir='ltr'>serpentes,</span> 
     </span>
     <span class='ocr_line' id='line_1_44' title="bbox 281 4335 709 4411; baseline 0 -17"><span class='ocrx_word' id='word_1_123' title='bbox 281 4335 318 4394; x_wconf 92' lang='lat' dir='ltr'>da</span> <span class='ocrx_word' id='word_1_124' title='bbox 340 4353 449 4411; x_wconf 87' lang='lat' dir='ltr'>pacem,</span> <span class='ocrx_word' id='word_1_125' title='bbox 473 4337 565 4411; x_wconf 82' lang='lat' dir='ltr'>dirige</span> <span class='ocrx_word' id='word_1_126' title='bbox 587 4343 709 4410; x_wconf 66' lang='lat' dir='ltr'>mentes,</span> 
     </span>
    </p>
   </div>
   <div class='ocr_carea' id='block_1_15' title="bbox 804 422 1349 754">
    <p class='ocr_par' dir='ltr' id='par_1_16' title="bbox 804 422 1349 754">
     <span class='ocr_line' id='line_1_45' title="bbox 866 422 1159 481; baseline -0.007 -1"><span class='ocrx_word' id='word_1_127' title='bbox 866 423 936 480; x_wconf 88' lang='lat' dir='ltr'>Mox</span> <span class='ocrx_word' id='word_1_128' title='bbox 958 428 987 480; x_wconf 93' lang='lat' dir='ltr'>te</span> <span class='ocrx_word' id='word_1_129' title='bbox 1010 422 1159 481; x_wconf 87' lang='lat' dir='ltr'>mundavit</span> 
     </span>
     <span class='ocr_line' id='line_1_46' title="bbox 908 505 1349 583; baseline -0.009 -17"><span class='ocrx_word' id='word_1_130' title='bbox 908 508 954 583; x_wconf 87' lang='lat' dir='ltr'>El,</span> <span class='ocrx_word' id='word_1_131' title='bbox 979 525 1042 565; x_wconf 89' lang='lat' dir='ltr'>cum</span> <span class='ocrx_word' id='word_1_132' title='bbox 1065 515 1093 564; x_wconf 91' lang='lat' dir='ltr'>te</span> <span class='ocrx_word' id='word_1_133' title='bbox 1114 511 1209 564; x_wconf 91' lang='lat' dir='ltr'>mente</span> <span class='ocrx_word' id='word_1_134' title='bbox 1232 505 1349 581; x_wconf 87' lang='lat' dir='ltr'>creavit,</span> 
     </span>
     <span class='ocr_line' id='line_1_47' title="bbox 804 592 1154 666; baseline 0.006 -16"><span class='ocrx_word' id='word_1_135' title='bbox 804 592 838 650; x_wconf 84' lang='lat' dir='ltr'>V.</span> <span class='ocrx_word' id='word_1_136' title='bbox 861 593 949 666; x_wconf 90' lang='lat' dir='ltr'>Ergo,</span> <span class='ocrx_word' id='word_1_137' title='bbox 973 593 1035 652; x_wconf 92' lang='lat' dir='ltr'>Deo</span> <span class='ocrx_word' id='word_1_138' title='bbox 1059 593 1154 666; x_wconf 88' lang='lat' dir='ltr'>digna,</span> 
     </span>
     <span class='ocr_line' id='line_1_48' title="bbox 906 676 1323 754; baseline -0.002 -18"><span class='ocrx_word' id='word_1_139' title='bbox 906 695 957 736; x_wconf 90' lang='lat' dir='ltr'>nos</span> <span class='ocrx_word' id='word_1_140' title='bbox 979 679 1068 754; x_wconf 86' lang='lat' dir='ltr'>salva,</span> <span class='ocrx_word' id='word_1_141' title='bbox 1091 679 1171 751; x_wconf 91' lang='lat' dir='ltr'>virgo</span> <span class='ocrx_word' id='word_1_142' title='bbox 1193 676 1323 749; x_wconf 90' lang='lat' dir='ltr'>benigna.</span> 
     </span>
    </p>
   </div>
   <div class='ocr_carea' id='block_1_16' title="bbox 951 933 1223 1136">
    <p class='ocr_par' dir='ltr' id='par_1_17' title="bbox 951 933 1223 1136">
     <span class='ocr_line' id='line_1_49' title="bbox 951 933 1223 996; baseline 0.015 -4"><span class='ocrx_word' id='word_1_143' title='bbox 951 933 990 992; x_wconf 95' lang='lat' dir='ltr'>In</span> <span class='ocrx_word' id='word_1_144' title='bbox 1013 933 1223 996; x_wconf 87' lang='lat' dir='ltr'>Laudibus.</span> 
     </span>
     <span class='ocr_line' id='line_1_50' title="bbox 993 1069 1169 1136; baseline -0.011 -17"><span class='ocrx_word' id='word_1_145' title='bbox 993 1069 1169 1136; x_wconf 78' lang='lat' dir='ltr'>Antiphonae.</span> 
     </span>
    </p>
   </div>
   <div class='ocr_carea' id='block_1_17' title="bbox 803 1190 1326 1521">
    <p class='ocr_par' dir='ltr' id='par_1_18' title="bbox 803 1190 1264 1266">
     <span class='ocr_line' id='line_1_51' title="bbox 803 1190 1264 1266; baseline -0.004 -16"><span class='ocrx_word' id='word_1_146' title='bbox 803 1193 831 1254; x_wconf 91' lang='lat'>1.</span> <span class='ocrx_word' id='word_1_147' title='bbox 862 1190 1025 1250; x_wconf 82' lang='lat' dir='ltr'>laudemus</span> <span class='ocrx_word' id='word_1_148' title='bbox 1046 1191 1169 1249; x_wconf 84' lang='lat' dir='ltr'>Mariam</span> <span class='ocrx_word' id='word_1_149' title='bbox 1192 1190 1264 1266; x_wconf 90' lang='lat' dir='ltr'>odis,</span> 
     </span>
    </p>

    <p class='ocr_par' dir='ltr' id='par_1_19' title="bbox 860 1274 1326 1521">
     <span class='ocr_line' id='line_1_52' title="bbox 904 1274 1270 1350; baseline -0.011 -14"><span class='ocrx_word' id='word_1_150' title='bbox 904 1277 1026 1350; x_wconf 89' lang='lat' dir='ltr'>Hymnis</span> <span class='ocrx_word' id='word_1_151' title='bbox 1049 1283 1079 1332; x_wconf 91' lang='lat' dir='ltr'>et</span> <span class='ocrx_word' id='word_1_152' title='bbox 1096 1274 1270 1334; x_wconf 88' lang='lat' dir='ltr'>canninibns</span> 
     </span>
     <span class='ocr_line' id='line_1_53' title="bbox 860 1360 1326 1436; baseline -0.006 -16"><span class='ocrx_word' id='word_1_153' title='bbox 860 1362 1031 1421; x_wconf 74' lang='lat' dir='ltr'>Eumaeus</span> <span class='ocrx_word' id='word_1_154' title='bbox 1053 1361 1202 1434; x_wconf 90' lang='lat' dir='ltr'>condignis</span> <span class='ocrx_word' id='word_1_155' title='bbox 1225 1360 1326 1436; x_wconf 83' lang='lat' dir='ltr'>modis,</span> 
     </span>
     <span class='ocr_line' id='line_1_54' title="bbox 904 1446 1315 1521; baseline -0.002 -14"><span class='ocrx_word' id='word_1_156' title='bbox 904 1449 998 1521; x_wconf 89' lang='lat' dir='ltr'>Digna</span> <span class='ocrx_word' id='word_1_157' title='bbox 1019 1464 1085 1505; x_wconf 89' lang='lat' dir='ltr'>nam</span> <span class='ocrx_word' id='word_1_158' title='bbox 1108 1453 1152 1505; x_wconf 91' lang='lat' dir='ltr'>est</span> <span class='ocrx_word' id='word_1_159' title='bbox 1173 1446 1315 1506; x_wconf 77' lang='lat' dir='ltr'>laudibus</span> 
     </span>
    </p>
   </div>
   <div class='ocr_carea' id='block_1_18' title="bbox 800 1566 1257 1885">
    <p class='ocr_par' dir='ltr' id='par_1_20' title="bbox 800 1566 1257 1885">
     <span class='ocr_line' id='line_1_55' title="bbox 800 1566 1257 1640; baseline -0.011 -12"><span class='ocrx_word' id='word_1_160' title='bbox 800 1570 829 1628; x_wconf 83' lang='lat'>2.</span> <span class='ocrx_word' id='word_1_161' title='bbox 861 1566 998 1627; x_wconf 90' lang='lat' dir='ltr'>Omnibus</span> <span class='ocrx_word' id='word_1_162' title='bbox 1024 1583 1094 1640; x_wconf 87' lang='lat' dir='ltr'>prae</span> <span class='ocrx_word' id='word_1_163' title='bbox 1117 1566 1257 1625; x_wconf 87' lang='lat' dir='ltr'>creaturis</span> 
     </span>
     <span class='ocr_line' id='line_1_56' title="bbox 903 1651 1194 1725; baseline 0 -15"><span class='ocrx_word' id='word_1_164' title='bbox 903 1651 1017 1711; x_wconf 87' lang='lat' dir='ltr'>Gaudet</span> <span class='ocrx_word' id='word_1_165' title='bbox 1041 1651 1194 1725; x_wconf 90' lang='lat' dir='ltr'>privilegio</span> 
     </span>
     <span class='ocr_line' id='line_1_57' title="bbox 858 1737 1201 1811; baseline -0.006 -15"><span class='ocrx_word' id='word_1_166' title='bbox 858 1737 963 1809; x_wconf 84' lang='lat' dir='ltr'>Maria,</span> <span class='ocrx_word' id='word_1_167' title='bbox 987 1755 1043 1811; x_wconf 89' lang='lat' dir='ltr'>qua</span> <span class='ocrx_word' id='word_1_168' title='bbox 1064 1737 1201 1810; x_wconf 88' lang='lat' dir='ltr'>perituris</span> 
     </span>
     <span class='ocr_line' id='line_1_58' title="bbox 901 1823 1190 1885; baseline 0.007 -2"><span class='ocrx_word' id='word_1_169' title='bbox 901 1823 972 1883; x_wconf 88' lang='lat' dir='ltr'>Orta</span> <span class='ocrx_word' id='word_1_170' title='bbox 994 1829 1036 1880; x_wconf 90' lang='lat' dir='ltr'>est</span> <span class='ocrx_word' id='word_1_171' title='bbox 1059 1823 1190 1885; x_wconf 85' lang='lat' dir='ltr'>salvatio.</span> 
     </span>
    </p>
   </div>
   <div class='ocr_carea' id='block_1_19' title="bbox 800 1940 1357 2358">
    <p class='ocr_par' dir='ltr' id='par_1_21' title="bbox 800 1940 1357 2358">
     <span class='ocr_line' id='line_1_59' title="bbox 800 1940 1289 2003; baseline -0.01 0"><span class='ocrx_word' id='word_1_172' title='bbox 800 1946 828 2003; x_wconf 88' lang='grc'>3.</span> <span class='ocrx_word' id='word_1_173' title='bbox 859 1943 982 2001; x_wconf 89' lang='lat' dir='ltr'>Tantum</span> <span class='ocrx_word' id='word_1_174' title='bbox 1004 1943 1077 2001; x_wconf 77' lang='lat' dir='ltr'>lianc</span> <span class='ocrx_word' id='word_1_175' title='bbox 1099 1940 1289 2000; x_wconf 87' lang='lat' dir='ltr'>sanctificavit</span> 
     </span>
     <span class='ocr_line' id='line_1_60' title="bbox 902 2027 1200 2100; baseline -0.003 -13"><span class='ocrx_word' id='word_1_176' title='bbox 902 2028 1009 2087; x_wconf 90' lang='lat' dir='ltr'>Divina</span> <span class='ocrx_word' id='word_1_177' title='bbox 1031 2027 1200 2100; x_wconf 85' lang='lat' dir='ltr'>sublimitas,</span> 
     </span>
     <span class='ocr_line' id='line_1_61' title="bbox 857 2113 1357 2212; baseline -0.006 -40"><span class='ocrx_word' id='word_1_178' title='bbox 857 2113 939 2188; x_wconf 78' lang='lat' dir='ltr'>Quod</span> <span class='ocrx_word' id='word_1_179' title='bbox 952 2130 1094 2187; x_wconf 90' lang='lat' dir='ltr'>nunquam</span> <span class='ocrx_word' id='word_1_180' title='bbox 1107 2113 1257 2212; x_wconf 79' lang='lat' dir='ltr'>posthanc</span> <span class='ocrx_word' id='word_1_181' title='bbox 1268 2119 1357 2185; x_wconf 79' lang='lat' dir='ltr'>temp·</span> 
     </span>
     <span class='ocr_line' id='line_1_62' title="bbox 902 2204 1230 2358; baseline 0.006 -13"><span class='ocrx_word' id='word_1_182' title='bbox 902 2285 1016 2345; x_wconf 88' lang='lat' dir='ltr'>Peccati</span> <span class='ocrx_word' id='word_1_183' title='bbox 1034 2204 1230 2358; x_wconf 42' lang='lat' dir='ltr'>iniquita?Wlt</span> 
     </span>
    </p>
   </div>
   <div class='ocr_carea' id='block_1_20' title="bbox 797 2403 1285 2722">
    <p class='ocr_par' dir='ltr' id='par_1_22' title="bbox 797 2403 1285 2722">
     <span class='ocr_line' id='line_1_63' title="bbox 797 2403 1195 2478; baseline -0.003 -14"><span class='ocrx_word' id='word_1_184' title='bbox 797 2407 826 2464; x_wconf 84' lang='lat'>4.</span> <span class='ocrx_word' id='word_1_185' title='bbox 855 2403 989 2463; x_wconf 85' lang='lat' dir='ltr'>Gloriosa</span> <span class='ocrx_word' id='word_1_186' title='bbox 1011 2405 1091 2478; x_wconf 88' lang='lat' dir='ltr'>virgo</span> <span class='ocrx_word' id='word_1_187' title='bbox 1114 2411 1195 2465; x_wconf 89' lang='lat' dir='ltr'>tanta</span> 
     </span>
     <span class='ocr_line' id='line_1_64' title="bbox 899 2489 1285 2548; baseline -0.005 0"><span class='ocrx_word' id='word_1_188' title='bbox 899 2490 980 2548; x_wconf 86' lang='lat' dir='ltr'>Haec</span> <span class='ocrx_word' id='word_1_189' title='bbox 1001 2490 1138 2548; x_wconf 86' lang='lat' dir='ltr'>virtutum</span> <span class='ocrx_word' id='word_1_190' title='bbox 1163 2489 1285 2548; x_wconf 91' lang='lat' dir='ltr'>culmine</span> 
     </span>
     <span class='ocr_line' id='line_1_65' title="bbox 856 2575 1248 2634; baseline 0 -1"><span class='ocrx_word' id='word_1_191' title='bbox 856 2575 933 2633; x_wconf 87' lang='lat' dir='ltr'>Ante</span> <span class='ocrx_word' id='word_1_192' title='bbox 954 2581 1048 2633; x_wconf 89' lang='lat' dir='ltr'>ortum</span> <span class='ocrx_word' id='word_1_193' title='bbox 1071 2575 1125 2634; x_wconf 85' lang='lat' dir='ltr'>tuit</span> <span class='ocrx_word' id='word_1_194' title='bbox 1147 2581 1248 2633; x_wconf 90' lang='lat' dir='ltr'>sancta</span> 
     </span>
     <span class='ocr_line' id='line_1_66' title="bbox 902 2659 1224 2722; baseline 0.009 -4"><span class='ocrx_word' id='word_1_195' title='bbox 902 2660 996 2719; x_wconf 90' lang='lat' dir='ltr'>Dante</span> <span class='ocrx_word' id='word_1_196' title='bbox 1016 2661 1078 2719; x_wconf 89' lang='lat' dir='ltr'>Deo</span> <span class='ocrx_word' id='word_1_197' title='bbox 1100 2659 1224 2722; x_wconf 88' lang='lat' dir='ltr'>flamine.</span> 
     </span>
    </p>
   </div>
   <div class='ocr_carea' id='block_1_21' title="bbox 796 2778 1234 3111">
    <p class='ocr_par' dir='ltr' id='par_1_23' title="bbox 796 2778 1234 3111">
     <span class='ocr_line' id='line_1_67' title="bbox 796 2778 1127 2853; baseline 0.003 -15"><span class='ocrx_word' id='word_1_198' title='bbox 796 2783 825 2841; x_wconf 87' lang='lat'>5.</span> <span class='ocrx_word' id='word_1_199' title='bbox 856 2778 963 2839; x_wconf 86' lang='lat' dir='ltr'>Divina</span> <span class='ocrx_word' id='word_1_200' title='bbox 984 2781 1127 2853; x_wconf 85' lang='lat' dir='ltr'>praevisio</span> 
     </span>
     <span class='ocr_line' id='line_1_68' title="bbox 897 2865 1194 2926; baseline 0 -3"><span class='ocrx_word' id='word_1_201' title='bbox 897 2865 981 2924; x_wconf 86' lang='lat' dir='ltr'>Hanc</span> <span class='ocrx_word' id='word_1_202' title='bbox 1003 2865 1194 2926; x_wconf 87' lang='lat' dir='ltr'>sanctificavit</span> 
     </span>
     <span class='ocr_line' id='line_1_69' title="bbox 854 2950 1150 3026; baseline 0.003 -18"><span class='ocrx_word' id='word_1_203' title='bbox 854 2950 993 3024; x_wconf 88' lang='lat' dir='ltr'>Hancque</span> <span class='ocrx_word' id='word_1_204' title='bbox 1015 2968 1066 3026; x_wconf 86' lang='lat' dir='ltr'>suo</span> <span class='ocrx_word' id='word_1_205' title='bbox 1090 2951 1150 3010; x_wconf 88' lang='lat' dir='ltr'>filio</span> 
     </span>
     <span class='ocr_line' id='line_1_70' title="bbox 895 3036 1234 3111; baseline 0 -17"><span class='ocrx_word' id='word_1_206' title='bbox 895 3036 1020 3095; x_wconf 87' lang='lat' dir='ltr'>Matrem</span> <span class='ocrx_word' id='word_1_207' title='bbox 1041 3037 1234 3111; x_wconf 86' lang='lat' dir='ltr'>praeparavit.</span> 
     </span>
    </p>
   </div>
   <div class='ocr_carea' id='block_1_22' title="bbox 968 3205 1193 3256">
    <p class='ocr_par' dir='ltr' id='par_1_24' title="bbox 968 3205 1193 3256">
     <span class='ocr_line' id='line_1_71' title="bbox 968 3205 1193 3256; baseline 0 -1"><span class='ocrx_word' id='word_1_208' title='bbox 968 3205 1009 3255; x_wconf 82' lang='lat' dir='ltr'>Ad</span> <span class='ocrx_word' id='word_1_209' title='bbox 1027 3206 1193 3256; x_wconf 83' lang='lat' dir='ltr'>Benedictus.</span> 
     </span>
    </p>
   </div>
   <div class='ocr_carea' id='block_1_23' title="bbox 792 3308 1271 4409">
    <p class='ocr_par' dir='ltr' id='par_1_25' title="bbox 792 3308 1271 4409">
     <span class='ocr_line' id='line_1_72' title="bbox 792 3308 1178 3387; baseline 0.003 -19"><span class='ocrx_word' id='word_1_210' title='bbox 792 3308 830 3370; x_wconf 80' lang='lat' dir='ltr'>A.</span> <span class='ocrx_word' id='word_1_211' title='bbox 854 3309 887 3368; x_wconf 92' lang='lat' dir='ltr'>In</span> <span class='ocrx_word' id='word_1_212' title='bbox 910 3315 948 3383; x_wconf 90' lang='lat' dir='ltr'>te,</span> <span class='ocrx_word' id='word_1_213' title='bbox 972 3311 1052 3386; x_wconf 87' lang='lat' dir='ltr'>virgo</span> <span class='ocrx_word' id='word_1_214' title='bbox 1074 3311 1178 3387; x_wconf 84' lang='lat' dir='ltr'>Maria,</span> 
     </span>
     <span class='ocr_line' id='line_1_73' title="bbox 896 3395 1235 3455; baseline 0.006 -2"><span class='ocrx_word' id='word_1_215' title='bbox 896 3395 984 3453; x_wconf 85' lang='lat' dir='ltr'>Fides</span> <span class='ocrx_word' id='word_1_216' title='bbox 1007 3397 1144 3455; x_wconf 89' lang='lat' dir='ltr'>remansit</span> <span class='ocrx_word' id='word_1_217' title='bbox 1166 3412 1235 3455; x_wconf 86' lang='lat' dir='ltr'>vera</span> 
     </span>
     <span class='ocr_line' id='line_1_74' title="bbox 938 3479 1265 3557; baseline 0 -19"><span class='ocrx_word' id='word_1_218' title='bbox 938 3479 970 3539; x_wconf 93' lang='lat' dir='ltr'>In</span> <span class='ocrx_word' id='word_1_219' title='bbox 993 3481 1101 3542; x_wconf 88' lang='lat' dir='ltr'>Christi</span> <span class='ocrx_word' id='word_1_220' title='bbox 1123 3482 1265 3557; x_wconf 88' lang='lat' dir='ltr'>passione,</span> 
     </span>
     <span class='ocr_line' id='line_1_75' title="bbox 853 3566 1194 3640; baseline 0.012 -19"><span class='ocrx_word' id='word_1_221' title='bbox 853 3567 942 3638; x_wconf 82' lang='lat' dir='ltr'>Quam</span> <span class='ocrx_word' id='word_1_222' title='bbox 965 3583 1017 3625; x_wconf 88' lang='lat' dir='ltr'>sna</span> <span class='ocrx_word' id='word_1_223' title='bbox 1038 3566 1123 3625; x_wconf 90' lang='lat' dir='ltr'>turba</span> <span class='ocrx_word' id='word_1_224' title='bbox 1145 3567 1194 3640; x_wconf 92' lang='lat' dir='ltr'>pia</span> 
     </span>
     <span class='ocr_line' id='line_1_76' title="bbox 898 3651 1217 3713; baseline 0.006 -4"><span class='ocrx_word' id='word_1_225' title='bbox 898 3651 1004 3709; x_wconf 82' lang='lat' dir='ltr'>Amisit</span> <span class='ocrx_word' id='word_1_226' title='bbox 1025 3657 1094 3711; x_wconf 92' lang='lat' dir='ltr'>tnnc</span> <span class='ocrx_word' id='word_1_227' title='bbox 1116 3669 1217 3713; x_wconf 81' lang='lat' dir='ltr'>revera</span> 
     </span>
     <span class='ocr_line' id='line_1_77' title="bbox 941 3737 1198 3802; baseline 0.016 -7"><span class='ocrx_word' id='word_1_228' title='bbox 941 3737 987 3796; x_wconf 85' lang='lat' dir='ltr'>Ex</span> <span class='ocrx_word' id='word_1_229' title='bbox 1010 3737 1198 3802; x_wconf 86' lang='lat' dir='ltr'>hebetatione.</span> 
     </span>
     <span class='ocr_line' id='line_1_78' title="bbox 853 3821 1152 3882; baseline 0.003 -2"><span class='ocrx_word' id='word_1_230' title='bbox 853 3821 897 3880; x_wconf 72' lang='lat' dir='ltr'>‘ln</span> <span class='ocrx_word' id='word_1_231' title='bbox 921 3838 952 3880; x_wconf 87' lang='lat' dir='ltr'>es</span> <span class='ocrx_word' id='word_1_232' title='bbox 974 3823 1152 3882; x_wconf 88' lang='lat' dir='ltr'>sanctificata</span> 
     </span>
     <span class='ocr_line' id='line_1_79' title="bbox 894 3907 1219 3966; baseline 0 0"><span class='ocrx_word' id='word_1_233' title='bbox 894 3907 969 3966; x_wconf 87' lang='lat' dir='ltr'>Prae</span> <span class='ocrx_word' id='word_1_234' title='bbox 988 3908 1065 3966; x_wconf 92' lang='lat' dir='ltr'>omni</span> <span class='ocrx_word' id='word_1_235' title='bbox 1088 3915 1219 3966; x_wconf 87' lang='lat' dir='ltr'>creatura</span> 
     </span>
     <span class='ocr_line' id='line_1_80' title="bbox 938 3994 1217 4067; baseline -0.007 -16"><span class='ocrx_word' id='word_1_236' title='bbox 938 3994 964 4051; x_wconf 86' lang='grc' dir='ltr'><strong>Δ</strong></span> <span class='ocrx_word' id='word_1_237' title='bbox 988 3994 1089 4067; x_wconf 90' lang='lat' dir='ltr'>culpae</span> <span class='ocrx_word' id='word_1_238' title='bbox 1112 3994 1217 4052; x_wconf 86' lang='lat' dir='ltr'>livione</span> 
     </span>
     <span class='ocr_line' id='line_1_81' title="bbox 852 4076 1271 4152; baseline 0.012 -18"><span class='ocrx_word' id='word_1_239' title='bbox 852 4076 914 4135; x_wconf 85' lang='lat' dir='ltr'>lieo</span> <span class='ocrx_word' id='word_1_240' title='bbox 935 4092 1057 4151; x_wconf 88' lang='lat' dir='ltr'>unquam</span> <span class='ocrx_word' id='word_1_241' title='bbox 1080 4095 1110 4136; x_wconf 93' lang='lat' dir='ltr'>es</span> <span class='ocrx_word' id='word_1_242' title='bbox 1133 4085 1271 4152; x_wconf 87' lang='lat' dir='ltr'>temptata</span> 
     </span>
     <span class='ocr_line' id='line_1_82' title="bbox 895 4163 1213 4236; baseline 0.006 -14"><span class='ocrx_word' id='word_1_243' title='bbox 895 4163 964 4222; x_wconf 91' lang='lat' dir='ltr'>Ulla</span> <span class='ocrx_word' id='word_1_244' title='bbox 985 4164 1080 4222; x_wconf 86' lang='lat' dir='ltr'>carnis</span> <span class='ocrx_word' id='word_1_245' title='bbox 1099 4165 1213 4236; x_wconf 88' lang='lat' dir='ltr'>jactura</span> 
     </span>
     <span class='ocr_line' id='line_1_83' title="bbox 934 4248 1187 4320; baseline 0.004 -15"><span class='ocrx_word' id='word_1_246' title='bbox 934 4248 1001 4306; x_wconf 88' lang='lat' dir='ltr'>Sine</span> <span class='ocrx_word' id='word_1_247' title='bbox 1023 4249 1187 4320; x_wconf 85' lang='lat' dir='ltr'>ambitione,</span> 
     </span>
     <span class='ocr_line' id='line_1_84' title="bbox 937 4335 1264 4409; baseline 0.003 -17"><span class='ocrx_word' id='word_1_248' title='bbox 937 4335 1022 4394; x_wconf 86' lang='lat' dir='ltr'>Salva</span> <span class='ocrx_word' id='word_1_249' title='bbox 1045 4353 1096 4394; x_wconf 89' lang='lat' dir='ltr'>nos</span> <span class='ocrx_word' id='word_1_250' title='bbox 1116 4335 1145 4393; x_wconf 89' lang='lat' dir='ltr'>iu</span> <span class='ocrx_word' id='word_1_251' title='bbox 1165 4352 1264 4409; x_wconf 87' lang='lat' dir='ltr'>agone.</span> 
     </span>
    </p>
   </div>
   <div class='ocr_carea' id='block_1_24' title="bbox 0 0 1464 4868">
    <p class='ocr_par' dir='ltr' id='par_1_26' title="bbox 0 0 1464 4868">
     <span class='ocr_line' id='line_1_85' title="bbox 0 0 1464 4868; baseline 0 0"><span class='ocrx_word' id='word_1_252' title='bbox 0 0 1464 4868; x_wconf 95' lang='lat' dir='ltr'> </span> 
     </span>
    </p>
   </div>
  </div>
 </body>
</html>
