2918 4868
607 277 842 341 -101-

146 455 176 514 2.
197 451 370 512 Franciacus
391 447 469 509 iacta
489 450 601 525 singula
759 455 788 512 2.
811 451 983 513 Franciatua
1005 468 1040 511 ex
1062 453 1227 527 praesentia
1270 483 1295 520 μ

241 537 312 596 Jeau
333 536 400 595 dum
423 536 588 610 meditatur,
855 536 966 598 confini
988 538 1178 610 redemptoris

199 622 294 696 Ipsius
315 627 409 680 mente
431 621 531 680 sedula
812 621 1001 684 Perfunditur
1021 624 1141 697 laetitia,

243 709 408 768 Passionem
429 712 583 780 serutatur,
854 709 944 770 Juxta
964 726 1029 772 rore
1052 710 1159 771 doloris

199 793 276 853 Crux
298 795 359 866 ejus
382 793 463 852 eordi
485 791 604 866 fereula,
811 794 851 854 Et
872 795 974 869 recipit
996 795 1129 855 incendia

242 881 277 938 In
299 878 401 952 quibus
424 879 597 955 delectatum
656 876 658 880 '
855 881 964 941 Summi
985 881 1055 941 Jesu
1076 881 1200 953 amous,

137 965 170 1026 V.
200 967 278 1026 Crux
302 964 345 1022 illi
368 964 443 1024 vitae
465 966 573 1043 regula,
748 965 784 1027 V.
813 966 858 1024 Ex
880 966 990 1040 Seraph
1009 964 1157 1027 influentia
1275 1026 1280 1033 ,

200 1050 277 1109 Crux
299 1051 360 1122 ejus
384 1050 464 1109 cordi
487 1051 600 1122 cellula,
812 1051 850 1110 Et
873 1052 1007 1111 membris
1028 1050 1201 1126 refulgentia
1238 1088 1239 1094 κ

243 1137 277 1196 In
300 1152 384 1195 cruce
406 1136 555 1210 gloriatur.
833 1137 1003 1206 ,Francisci
1025 1137 1205 1198 iit-honoris.

149 1259 178 1318 3.
201 1255 373 1315 Francis0us
395 1255 464 1315 Jesu
491 1256 601 1315 studuit
761 1261 789 1317 3.
813 1256 994 1330 Francisous,
1017 1274 1052 1317 ex
1074 1274 1130 1332 quo
1152 1256 1223 1317 visio

243 1342 280 1402 Se
302 1340 386 1401 iactis
409 1340 588 1402 conformare
855 1343 1005 1417 Disparuit
1026 1343 1185 1419 praedicta,

200 1429 294 1502 Seque
315 1427 400 1485 morti
422 1429 553 1500 exposuit
814 1427 945 1488 Glorioso
967 1430 1098 1503 qmnario

244 1514 301 1572 Pro
321 1514 385 1586 ipso
408 1513 484 1571 ultra
506 1528 594 1586 mare,
854 1515 1003 1574 Remunsit
1025 1530 1110 1575 earne
1131 1515 1239 1597 pieta,¹
1286 1546 1289 1552 ·

199 1599 331 1659 Clemens
353 1598 437 1657 Jesus
460 1599 602 1672 disposuit
813 1600 892 1659 Haec
914 1602 988 1661 mira
1010 1600 1077 1661 diva
1096 1601 1185 1675 piatio
1271 1593 1274 1598 ’

243 1685 329 1742 Hune
352 1683 407 1742 sibi
429 1685 570 1759 similare;
857 1685 1053 1748 Nouiuiacta
1074 1686 1120 1763 vel
1141 1685 1226 1759 fieta3

137 1769 171 1831 V.
203 1770 278 1828 Crux
301 1770 345 1827 illi
366 1768 468 1827 crebro
490 1770 602 1846 claruit,
751 1771 785 1834 V.
817 1772 882 1845 Pes,
905 1789 1015 1845 manus,
1038 1772 1113 1832 latua
1133 1772 1202 1833 titio,

202 1854 361 1916 Crucifixus
383 1855 527 1930 apparuit,
814 1856 985 1916 Floreseuut
1006 1849 1166 1929 miriiario,

243 1941 307 1999 Hoc
328 1941 426 2000 volens
450 1940 644 2014 praesignare.
857 1942 930 2002 Caro
953 1940 1043 2017 fuiget
1064 1941 1182 2004 afflicta.
1268 1939 1295 1978 ·>·'

254 2180 296 2239 Iu
319 2182 348 2243 2.
371 2179 578 2243 Nocturna.
869 2183 909 2240 In
933 2185 961 2246 3.
984 2183 1192 2242 Nocturna.

330 2295 506 2362 Antiphonae.
944 2299 1119 2366 Antiphouae.

152 2403 179 2463 1.
201 2401 387 2461 Franciseum
407 2419 489 2461 suum
512 2400 648 2462 famulum
762 2404 791 2465 1.
813 2402 962 2462 Francisei
984 2412 1052 2463 tune
1074 2402 1200 2464 refloruit

244 2488 328 2547 desua
348 2487 512 2546 mirificavit
856 2490 979 2564 Stupare
1000 2492 1066 2550 cara
1089 2490 1183 2565 plena,

202 2573 295 2647 Super
316 2581 478 2633 sanatorum
500 2573 645 2647 populum,
814 2574 885 2634 Cum
906 2576 976 2635 Jesu
999 2576 1085 2635 dante
1108 2576 1212 2635 claruit

244 2659 319 2718 Dum
338 2659 414 2718 hune
435 2660 648 2733 stigmatiuavit.
856 2663 914 2722 Per
935 2663 1068 2736 stigmata
1089 2677 1200 2724 serena.

151 2781 178 2840 2.
202 2780 374 2840 Franciscus
397 2797 480 2838 mane
500 2779 613 2839 adstitit
761 2784 790 2842 2.
813 2782 962 2841 Francisai
984 2783 1130 2855 planctum
1154 2781 1277 2840 dulciter

244 2868 314 2927 Jesu
335 2872 431 2924 moute
453 2865 607 2937 alvernae,
857 2868 891 2926 ln
912 2867 1047 2942 gaudium
1069 2867 1190 2940 vertisti,

191 2951 275 3010 desua
297 2952 389 3010 eidem
412 2950 558 3024 praestitit
814 2952 892 3025 Jesu,
916 2953 983 3012 dum
1006 2951 1258 3029 quinquiiormiter

245 3037 328 3096 Dona
348 3037 442 3095 laudis
465 3041 609 3099 aeternae.
859 3038 959 3099 Carnis
980 3055 1093 3098 saeuum
1115 3037 1237 3102 scidisti.

151 3159 180 3219 3.
204 3156 374 3215 Francisena
397 3156 567 3216 admirabile
764 3161 793 3221 3.
816 3158 965 3218 Francisai
987 3173 1037 3216 eor
1056 3156 1235 3231 transfigitur

245 3244 315 3303 Jeau
336 3258 439 3300 namen
461 3243 631 3318 praeclaret,
860 3244 977 3317 Sagittis
999 3243 1147 3313 amorosis,

204 3330 275 3389 eun
298 3327 408 3400 signum
429 3327 500 3387 Jesu
521 3327 617 3386 nobile
817 3327 978 3388 Trauefixio
1000 3328 1199 3402 praetenditur

247 3413 395 3473 Francisai
418 3429 504 3472 carne
526 3420 617 3487 paret.
860 3414 953 3474 Carne
974 3414 1068 3489 plagis
1086 3413 1210 3480 decoris.

330 3584 517 3648 Respouaoria.
941 3584 1127 3650 Respouaoria.

152 3707 180 3767 1.
203 3705 375 3764 Frauciseus
398 3705 465 3764 dum
487 3705 640 3765 ardoribus
768 3708 796 3767 1.
819 3705 990 3767 Frauaisous
1014 3722 1096 3766 saera
1118 3706 1252 3780 stigmata

214 3811 217 3814 ⁴
247 3790 411 3866 Seraphicis
433 3789 569 3865 flagraret
863 3792 938 3850 Duru
960 3792 1057 3851 voluit
1071 3792 1170 3862 latere,

204 3876 244 3935 Et
265 3894 318 3951 pro
340 3879 411 3938 Jesu
433 3876 580 3936 doloribus
819 3878 858 3955 Is,
886 3878 966 3950 eujus
988 3883 1063 3949 suut,
1085 3892 1140 3951 per
1160 3877 1276 3935 elimata

248 3963 384 4021 Valenter
405 3963 574 4040 suspiraret,
863 3961 967 4024 Mundi
989 3962 1050 4022 vult
1072 3963 1143 4021 haec
1164 3970 1273 4036 patere,

206 4049 290 4108 ιῐθεεε
311 4048 436 4107 extensis
458 4048 589 4108 manibus
821 4047 970 4108 Francisei
990 4065 1043 4122 per
1063 4048 1134 4108 haee
1156 4048 1289 4121 dogmata

249 4135 341 4195 Utin
363 4150 448 4193 eruee
465 4140 594 4208 apparet,
865 4135 984 4195 culmen
1009 4140 1104 4208 pateat
1127 4134 1274 4204 θ1ετθτθς,

144 4218 179 4280 V.
207 4219 272 4278 Alia
294 4225 385 4279 tectus
408 4221 573 4293 Seraphicis
754 4222 789 4280 V.
819 4220 930 4279 Miaant
950 4221 1064 4278 amoris.
1077 4224 1216 4292 caumata,

209 4305 329 4363 Deooris
351 4312 381 4363 et
400 4305 586 4379 splendiferis
820 4305 986 4365 Clareseuut
1009 4306 1216 4380 epigrammata

249 4391 387 4464 Omnique
408 4391 474 4450 labe
496 4399 584 4456 caret.
863 4391 976 4452 Morum
1000 4391 1148 4450 Francisci
1170 4404 1246 4448 rere.
