2918 4868
616 265 844 329 -275—

148 443 175 502 7.
199 441 310 501 Cuncta
332 439 449 498 vincens
471 439 613 512 supplicia
783 441 811 501 9.
835 440 987 514 Tyrannus
1008 439 1083 498 bunc
1104 439 1134 498 in
1156 436 1273 498 flumine

196 525 294 584 Armis
316 525 498 600 praecinctus
522 524 633 583 bellicis
836 528 971 584 Sanctum
994 524 1121 599 demergi
1143 524 1295 598 praecipit,

196 610 390 670 Transcendit
411 611 450 669 ad
472 607 569 669 felicio
836 610 893 669 Sed
915 627 994 670 mare
1017 616 1095 671 retro
1117 610 1232 670 tramite

196 698 266 757 Cum
288 696 407 755 canticis
429 695 575 769 angelicis.
835 697 947 770 Corpus
969 695 1006 755 ad
1028 696 1097 755 litus
1119 696 1245 769 projicit.

145 833 173 891 8.
197 832 324 891 Exustus
347 832 555 904 derelinquitur
761 835 809 894 10.
832 833 949 892 Fideles
971 850 1036 893 ossa
1058 833 1194 907 eolligunt

196 917 385 976 llevorandus
407 936 424 976 a
446 916 555 983 bestiis,
833 919 940 992 Magno
962 917 1062 977 referti
1084 918 1197 992 gaudio,

196 1002 251 1061 Sed
276 1002 313 1060 ab
335 1003 393 1061 illis
415 1001 581 1061 defenditur
834 1006 904 1063 Gnm
928 1005 1034 1063 bonore
1056 1004 1198 1078 sepeliunt

197 1088 342 1148 custodiis
363 1088 509 1162 angelicis.
834 1090 947 1163 lugenti
967 1105 1030 1148 cum
1051 1089 1188 1163 tripudio.

502 1209 548 1267 ll.
573 1210 702 1281 Praesta,
725 1208 810 1268 beata
832 1209 956 1281 trinitas,

572 1295 614 1355 Ut
636 1293 719 1366 hujus
741 1294 953 1368 precaminibus

571 1377 663 1437 Nobis
686 1379 771 1439 detur
792 1380 949 1439 amoenitas

573 1466 641 1525 (lum
665 1465 796 1538 supernis
818 1464 987 1539 agminibus.

207 1583 283 1633 Brev.
296 1585 443 1633 Romanum
461 1584 523 1648 imp.
544 1578 617 1632 15⁸⁸.
632 1583 662 1632 A.
681 1609 714 1617 -
727 1583 834 1649 Antiph.
848 1584 909 1635 ord.
925 1584 1139 1634 Praedicatorum
1162 1584 1224 1649 imp.
1245 1577 1318 1634 15**.

139 1652 168 1701 Β.
187 1676 218 1686 -
241 1648 262 1711 l,
280 1649 298 1702 4
315 1651 403 1701 mnndi
422 1652 565 1702 terroribus
584 1651 614 1701 Β.

476 1866 533 1924 481.
569 1865 607 1923 lle
625 1882 646 1924 s.
666 1864 812 1924 Vincentio
830 1865 969 1925 dometio.

628 1987 671 2043 Ad
690 1989 830 2058 vesperas.

144 2115 171 2173 1.
195 2113 282 2172 Alma
303 2129 409 2187 parens
431 2115 562 2184 ecclesie,
753 2118 783 2175 4.
808 2115 932 2173 Paterno
955 2111 1066 2187 fulgens
1089 2113 1184 2172 sidere

191 2198 308 2256 Saemm
331 2198 418 2256 landa
442 2199 629 2271 vincentium,
805 2199 910 2260 Orbem
932 2200 1036 2258 lustrat
1059 2198 1188 2273 exignum

191 2284 280 2356 Quem
304 2285 424 2357 protulit
444 2285 577 2343 Valentio
805 2285 845 2343 Et
865 2284 1055 2358 praedicandi
1077 2299 1194 2342 munere

192 2369 373 2428 Pmeelamm
394 2369 489 2428 lumen
511 2371 645 2444 gentium.
806 2370 912 2430 Nomen
937 2368 1026 2430 refert
1048 2374 1227 2443 perpetuum.

137 2508 167 2568 2.
190 2506 247 2563 Hie
267 2507 343 2564 omni
366 2505 432 2565 labe
454 2507 548 2565 caruit
752 2514 780 2569 5.
804 2508 941 2567 Caelestis
964 2507 1044 2582 regni
1066 2508 1214 2568 thesauros

190 2591 290 2653 Cultor
312 2592 389 2650 vitae
410 2592 607 2651 sanctissimae
804 2594 878 2653 Dum
899 2610 950 2652 ore
972 2593 1050 2652 dulci
1070 2602 1215 2668 personui,

189 2677 228 2735 Et
249 2677 379 2736 instituta
401 2677 493 2736 tenuit
803 2679 950 2738 Hebraeos
972 2679 1057 2737 simul
1080 2685 1109 2737 et
1129 2681 1247 2740 Mauros

188 2762 345 2836 Religionis
366 2763 501 2836 optimae.
803 2767 837 2825 ln
860 2781 933 2838 puro
954 2763 1034 2824 fonte
1055 2774 1183 2826 renovat.

136 2900 165 2958 3.
189 2899 247 2957 Sub
270 2906 369 2959 autore
391 2900 550 2972 Domirrieo,
749 2905 777 2962 6.
801 2901 877 2959 Hinc
898 2901 942 2959 illi
965 2918 1017 2961 uos
1039 2903 1176 2962 alacriter

187 2985 240 3057 Qui
263 2984 315 3044 toti
338 2985 444 3044 mundo
465 2983 584 3062 profuit,
800 2985 874 3059 Juge
897 2987 996 3045 demus
1017 2988 1210 3066 praeconium,

186 3071 218 3129 Io
242 3071 304 3129 viro
326 3071 483 3144 apostolico
800 3072 853 3145 Qui
876 3072 1006 3145 possidet
1027 3070 1153 3133 feliciter

186 3154 292 3214 Nostro
314 3171 385 3215 aevo
407 3154 546 3215 refloruit.
800 3158 945 3217 Aeternae
967 3159 1044 3218 vitae
1066 3160 1233 3232 praemium,

490 3278 517 3336 7.
542 3276 630 3354 Patri,
653 3283 721 3336 nato
741 3282 769 3335 et
791 3274 899 3336 flamini

543 3360 585 3421 Sit
608 3363 670 3423 laus
692 3367 722 3420 et
742 3361 912 3430 benedictio,

541 3448 595 3520 Qui
616 3464 668 3506 nos
690 3453 852 3507 sanctorum
874 3449 978 3521 agmini

540 3531 698 3592 Adscribat
719 3550 784 3593 cunr
805 3533 965 3596 Vincentio.

199 3651 273 3700 Brev.
292 3651 452 3711 Dertuseuse
472 3653 533 3717 imp.
553 3653 676 3718 Lugduni
697 3648 770 3703 1547.

467 3867 529 3924 482.
565 3867 604 3926 lle
622 3883 644 3925 s.
663 3867 809 3927 Vincentio
828 3870 967 3928 llerrerio.

600 3988 642 4043 Ad
661 3990 832 4045 Nocturnum.

129 4109 161 4169 1.
185 4109 308 4168 Luctare
330 4128 414 4183 nune,
437 4113 537 4187 religio
745 4119 774 4176 2.
797 4117 887 4175 Atros
909 4133 1036 4177 errorum
1057 4119 1177 4180 nebulus

182 4196 416 4256 Praelicatornm
438 4199 547 4272 inclita,
797 4201 887 4261 Novis
907 4204 990 4276 pellit
1011 4203 1169 4278 fulgoribus

182 4278 227 4339 Dc
249 4299 305 4354 qna
326 4285 398 4342 coeli
422 4285 542 4358 collegio
796 4287 836 4346 Et
856 4289 987 4349 veritatis
1009 4290 1121 4364 regulas

185 4362 292 4426 Serena
315 4370 362 4427 lux
386 4377 430 4428 est
452 4370 561 4431 additu.
795 4371 908 4433 Sanctis
929 4381 1014 4435 ornat
1034 4375 1178 4449 operibus.

1096 4471 1149 4527 18*
