2918 4868
651 319 693 331 -
737 282 778 348 98
822 319 864 330 -

567 451 627 513 1411.
662 453 701 510 114
722 455 820 510 saneto
838 452 942 510 Blasio.

635 576 679 629 Ad
696 575 868 631 Noctmnum.

168 703 194 762 1.
218 701 331 779 Cordis,
353 701 412 759 oris
435 701 562 773 tripudio
781 704 810 761 4.
835 700 948 760 Clamat
967 701 1043 757 inter
1067 698 1225 771 supplicia:

219 786 404 847 Gratulemur
425 802 489 844 cum
511 786 608 847 Blasio
835 786 966 845 Christus
989 784 1018 842 in
1041 800 1094 841 soa
1114 784 1206 857 gratia

218 872 257 930 Et
278 871 307 929 in
331 872 392 944 ejus
415 871 602 931 constantiam
833 869 1056 944 memorarat,
1081 875 1108 926 et
1124 870 1191 927 ideo

217 956 332 1017 Christo
355 973 489 1016 curramus
511 957 639 1030 gloriam.
834 957 929 1015 Minas
952 963 1015 1013 tuas
1038 972 1093 1012 non
1116 955 1211 1012 timeo.

165 1061 194 1122 2.
219 1059 271 1117 Vir
293 1059 384 1118 bonae
405 1059 520 1131 praesul
538 1059 643 1117 indolis
782 1062 811 1119 5.
835 1058 951 1117 Coelum
976 1064 1124 1115 truncatus
1146 1057 1242 1130 cupito

221 1145 367 1215 Sebasteia
387 1144 424 1203 ab
444 1143 546 1203 incolis
833 1143 951 1201 Directo
972 1141 1087 1201 scandit
1110 1147 1233 1210 tramite,

220 1226 270 1287 Fit
291 1237 402 1303 martyr
423 1245 474 1287 suo
496 1230 633 1302 sanguine
832 1224 950 1287 Honore
969 1242 1022 1300 pro
1044 1227 1165 1286 victoria

220 1314 297 1374 Fuso
319 1331 372 1388 pro
395 1314 503 1374 Christi
524 1314 646 1378 nomine.
834 1314 993 1373 Coronatus
1015 1313 1045 1371 in
1068 1312 1167 1386 gloria.

168 1419 198 1478 3.
223 1418 306 1476 Idola
328 1432 466 1490 spernens
490 1416 611 1491 capitur,
780 1420 809 1477 6.
833 1415 929 1488 Cujus,
953 1434 970 1473 o
993 1415 1115 1491 Christe,
1139 1415 1273 1488 precibus

223 1502 331 1575 Captus
354 1502 473 1576 flagellis
496 1502 627 1560 caeditur
832 1501 903 1560 Tuis
925 1500 1032 1574 praebe
1054 1501 1242 1574 supplicibus,

222 1587 393 1661 Ferreisque
415 1587 576 1659 pectinibus
835 1587 917 1647 Unus
940 1586 1016 1659 patri
1037 1602 1101 1644 cum
1123 1584 1246 1663 flamine,

219 1673 360 1732 14414144
382 1675 410 1730 14
432 1672 575 1732 carnibus.
836 1671 936 1731 Gloria
958 1671 1021 1750 tibi,
1042 1671 1174 1733 Domine.

236 1791 311 1840 11444.
324 1790 479 1855 Urgellcnsc
497 1792 559 1855 imp.
574 1790 693 1840 l'cnetiis
714 1786 787 1840 1487.
807 1817 840 1825 -
851 1786 876 1849 4,
897 1787 910 1838 l
926 1785 1071 1839 Clamabat
1086 1814 1117 1823 -·
1130 1786 1154 1848 5,
1172 1785 1190 1838 2
1202 1789 1344 1841 Honorem.

571 1956 629 2015 tlt.
664 1957 703 2016 114
720 1959 817 2016 sancto
837 1956 939 2015 Blasio.

673 2078 715 2132 Ad
733 2078 848 2134 Laudes.

171 2204 197 2264 l.
224 2203 339 2261 Nostris
363 2202 481 2262 intende
503 2202 646 2277 laudibus,
785 2207 815 2263 3.
838 2203 913 2261 Dum
933 2219 1004 2274 puer
1026 2203 1112 2261 morti
1134 2204 1259 2261 traditas

222 2288 275 2362 Qui
298 2304 401 2362 regnas
423 2288 452 2345 in
476 2287 655 2364 coelestibus,
840 2290 896 2348 Per
918 2295 946 2345 te
966 2295 1085 2347 sanatur
1106 2288 1235 2359 coelitus,

222 2372 341 2431 Trinum
363 2373 454 2431 Deum
478 2373 638 2445 mirificum,
839 2373 942 2431 Mortis
965 2390 1018 2445 per
1039 2373 1108 2432 haec
1132 2373 1273 2432 miraculo

219 2458 469 2536 MartyrDei,
494 2459 730 2532 quiunicum.
837 2458 972 2517 Soluto
993 2459 1166 2529 suntjam
1183 2460 1348 2518 4144414.

168 2564 198 2622 2.
221 2560 275 2631 114,
299 2560 388 2636 Blasi‚
411 2560 650 2634 supplicantibus,
785 2564 814 2621 4.
838 2562 879 2618 Te
902 2561 980 2619 lacus
1002 2577 1113 2619 sursum
1136 2562 1237 2633 tenuit,

225 2645 307 2717 Quod
330 2646 461 2705 Christus
485 2653 513 2703 te
535 2646 718 2718 poscentibus
837 2647 891 2717 Qui
913 2647 1033 2720 gentiles
1055 2646 1203 2708 absorbuit

222 2731 356 2790 Promisit
377 2747 408 2787 ss
430 2730 556 2789 tribuere
838 2731 966 2790 Conlims
987 2732 1131 2807 idolatria,

221 2815 293 2875 Tui
315 2822 503 2888 precatus
526 2833 686 2877 uruncre.
836 2816 911 2874 Ileo
933 2817 1039 2890 patri
1063 2818 1116 2875 sit
1137 2816 1279 2890 gloria,

526 2923 554 2977 5.
575 2917 644 2976 Cum
668 2917 764 2976 Blasio
784 2915 831 2976 144
852 2918 949 2976 vivere

580 3001 724 3074 Suumquc
746 3001 848 3061 testum
873 3002 967 3060 coloro
1063 3052 1068 3062 .

581 3087 641 3145 Nos
665 3103 778 3160 semper
801 3087 992 3159 devotissime,

580 3174 755 3245 Praesta,
778 3179 890 3245 pater
911 3173 1098 3246 piissimo.

239 3291 314 3340 Brev.
336 3291 489 3355 Urgellorrsc
508 3293 570 3356 imp.
589 3292 708 3341 Venetiis
729 3288 801 3341 1487.
821 3320 853 3327 -
871 3288 899 3352 4,
927 3289 938 3340 l
959 3293 998 3341 De
1017 3292 1076 3342 lacu
1095 3308 1207 3342 sursum.
1226 3318 1260 3329 -
1277 3289 1306 3351 4,
1332 3290 1349 3343 3

168 3360 246 3409 Fisos
264 3359 396 3410 idolatria.
414 3386 447 3395 -
465 3358 489 3422 5,
507 3357 524 3411 4
541 3360 620 3411 Patra
636 3360 702 3412 Jesu
721 3360 847 3425 piissime.
1385 3356 1391 3365 '

560 3525 616 3582 ms.
655 3527 691 3583 114
708 3527 808 3582 sancta
827 3524 956 3584 04441114.

655 3645 698 3700 Ad
716 3645 855 3715 vesperas

170 3771 198 3830 1.
224 3770 311 3832 01444
332 3786 401 3829 4444
423 3771 564 3830 4441441144
783 3776 812 3831 3.
837 3772 878 3832 Ut
900 3788 1006 3845 sponsa
1024 3772 1100 3845 regis
1124 3772 1233 3845 gloriae

222 3854 310 3916 Plebs
334 3855 450 3929 virginis
472 3856 613 3916 Caeciliae
837 3857 929 3915 Laeta
951 3855 1026 3915 foret
1047 3857 1077 3915 in
1098 3857 1170 3933 acie,

223 3940 312 4000 Gesta
337 3940 469 3999 decantet
492 3940 625 3999 laudibus
836 3941 1003 4002 Sanctorum
1027 3941 1105 4000 flexit
1129 3941 1245 4002 dotibus

222 4026 390 4086 Orthodoxa
411 4026 591 4084 coelestibus.
836 4027 958 4087 Pudoris
981 4043 1031 4085 cor
1052 4027 1248 4087 vementibus.

171 4132 200 4190 2.
222 4131 300 4202 Quae
322 4128 386 4186 luce
409 4127 489 4186 fulsit
509 4128 612 4187 latriae
784 4132 812 4190 4.
836 4129 969 4189 Concivis
992 4130 1064 4187 coeli
1087 4130 1183 4203 regiae

223 4212 597 4358 telmtmlllt.
836 4215 1244 4358 estimem-t..

222 4342 374 4458 auspers'a
395 4385 487 4445 sancti
509 4384 637 4459 spiritus.
835 4385 971 4445 Exsultat
992 4391 1020 4443 et
1045 4316 1230 4460 martp‘rlibus.
