2918 4868
624 288 832 353 ..93-

137 470 168 525 5.
192 465 296 523 Manus
320 471 440 537 paterna
458 464 570 537 jugulat
755 470 783 525 6.
808 464 868 521 Nos
889 463 918 520 in
944 480 1044 535 canapo
1067 465 1230 522 certaminis

196 549 322 610 Puellam
346 555 375 607 et
394 551 529 607 continuo
807 550 928 608 Sanctae
946 549 1072 607 zelantes
1094 550 1212 623 gloriam

190 636 276 711 Parit,
299 650 382 708 (ruem
405 635 527 693 daemon
549 636 685 708 stimulat,
806 635 903 693 Divini
927 635 1013 692 ductu
1035 634 1150 693 luminis

191 721 340 782 Parricida
360 723 496 783 tonitrua.
808 721 970 779 Tendamns
993 720 1031 777 ad
1054 721 1211 780 victoriam.

451 826 480 884 7.
504 826 634 884 Praestet
659 824 712 882 hoe
735 830 834 882 sancta
855 823 968 881 trinitas

497 909 619 968 Sanctae
641 909 787 968 Barbarae
808 909 927 979 meritis,

500 995 547 1053 Ad
570 1001 608 1068 te,
631 1011 740 1053 summa
762 994 897 1068 suavitas,

500 1080 597 1139 Raetis
619 1097 672 1138 nos
694 1080 801 1139 ducens
823 1080 941 1138 semitis.

208 1199 299 1247 Dium.
325 1215 372 1247 ms.
391 1199 558 1264 Legionense
580 1213 648 1249 saec.
674 1196 712 1247 15.
732 1194 796 1248 eod.
816 1199 901 1263 Capit.
920 1198 1062 1262 Legionem.
1081 1193 1121 1246 36.
1141 1196 1171 1244 Α.
1190 1225 1221 1231 --
1242 1197 1315 1244 llrev.

137 1267 164 1316 S.
190 1267 285 1316 isidori
310 1269 370 1331 imp.
392 1267 478 1316 'Palati
507 1263 580 1316 1502.
606 1269 632 1317 B.
658 1266 988 1316 -Psalt.Pallanti11nm
1013 1267 1074 1330 imp.
1093 1266 1217 1313 Lircronii
1244 1259 1316 1312 1512.

137 1334 166 1384 C.
192 1360 221 1368 -
242 1336 316 1384 Brev.
336 1334 503 1385 Cordubense
526 1336 587 1399 imp.
606 1335 713 1399 Hispali
737 1332 860 1385 15211.
884 1363 917 1369 -
936 1331 965 1393 7,
992 1333 1137 1383 lPraentet
1154 1332 1218 1382 baec
1233 1333 1264 1381 1).
1284 1357 1317 1367 -

136 1403 211 1453 Mel:
230 1404 261 1452 ln
279 1404 388 1454 coelesti
405 1404 518 1467 collegio
537 1404 565 1454 C.

527 1584 583 1642 132.
621 1583 659 1641 lle
677 1586 775 1642 sancta
792 1584 929 1643 Barbara.

590 1705 632 1759 Ad
650 1707 730 1776 Vesp.
749 1712 775 1762 et
792 1708 869 1762 Noct.

145 1832 174 1891 1.
200 1832 310 1891 Fidelis
333 1830 440 1890 Christi
462 1830 601 1903 Barbara,
759 1834 789 1895 3.
813 1834 847 1891 Iu
870 1833 1008 1892 trinitatis
1031 1833 1143 1890 nomino

199 1916 290 1976 Nobis
312 1916 448 1989 implores
471 1917 601 1991 gratiam,
812 1919 856 1975 Tu
878 1923 937 1975 tres
960 1917 1100 1976 fenestras
1122 1917 1274 1990 praecipis,

196 2003 253 2061 Per
274 2019 358 2076 quarn
381 2002 501 2061 vitemus
524 2008 633 2061 tartara
810 2002 876 2061 'l'ibi
901 2004 1019 2061 cedente
1041 2004 1121 2062 silice

194 2088 398 2162 Adipiscentes
420 2088 549 2161 gloriam.
810 2088 911 2148 Crucis
934 2089 1051 2162 liguram
1076 2087 1224 2160 imprimis.

137 2194 166 2250 2.
191 2190 236 2248 Τ1
258 2190 388 2263 speciosa
409 2206 528 2263 corpore
756 2194 784 2252 4.
808 2193 894 2250 Petra
917 2191 1072 2263 praebente
1095 2191 1222 2248 semitam

194 2276 227 2333 11
250 2275 309 2335 alta
332 2274 404 2332 turri
427 2276 530 2351 posita,
808 2278 927 2348 Captam
951 2283 1033 2349 pater
1055 2275 1205 2349 exspoliat,

194 2361 255 2419 Nos
277 2367 326 2418 tao
347 2361 426 2418 mani
445 2361 546 2419 robore
807 2362 930 2420 Deitatis
953 2363 1103 2420 essentiam

193 2446 237 2505 Ob
260 2453 326 2505 tuae
348 2447 424 2505 vitae
447 2446 555 2504 merita.
811 2447 853 2506 Ob
878 2448 932 2505 boc
955 2448 1030 2520 quod
1054 2446 1108 2504 sibi
1134 2444 1254 2507 nuntiat.

207 2564 282 2614 Brea.
300 2564 447 2614 Romanurn
465 2565 525 2628 imp.
547 2559 619 2613 15**.

527 2725 580 2784 iss.
616 2728 653 2783 lle
672 2730 771 2784 sancta
791 2728 924 2786 Barbara.

642 2848 684 2903 Ad
703 2848 816 2904 Laudas.

140 2978 170 3034 l.
196 2973 342 3050 Flagellia
366 2973 431 3046 igne
454 2974 583 3032 caeditur
759 2978 787 3034 2.
813 2977 881 3034 Post
904 2992 956 3048 per
979 2976 1102 3047 plateam
1125 2974 1249 3032 trabitur

193 3060 235 3119 Et
255 3060 387 3132 privatur
407 3059 553 3130 uberibus,
811 3060 897 3119 Nuda
920 3079 971 3133 pro
994 3061 1048 3117 Dei
1070 3061 1140 3135 lilio,

195 3145 254 3204 Sed
276 3144 339 3203 loco
362 3151 425 3202 arto
446 3146 570 3221 ponitur,
811 3150 901 3218 Caput
926 3147 986 3217 ejas
1008 3146 1189 3204 abscinditur

195 3229 252 3290 Ubi
275 3235 355 3288 caret
376 3230 550 3290 vulneribus.
814 3233 840 3290 A
862 3231 989 3303 genitore
1012 3231 1138 3303 proprio.

490 3336 519 3393 3.
544 3333 599 3391 Ρ11
621 3338 658 3400 te,
683 3333 767 3391 beata
791 3333 929 3410 Barbara,

543 3419 622 3492 Ignis
644 3417 765 3478 vitemus
787 3425 897 3477 tartara

541 3503 581 3562 Et
602 3501 784 3575 perfruamur
804 3503 896 3577 gloria

543 3589 576 3647 ln
598 3589 775 3647 saeculorum
798 3591 921 3648 saecula.

212 3707 286 3756 Bran.
305 3707 450 3756 immorans
471 3708 532 3770 imp.
555 3703 626 3756 15**.
645 3735 677 3743 —
696 3708 803 3756 Divisio
821 3708 867 3757 des
880 3707 1109 3771 vorhorgebenden
1130 3707 1257 3768 llymnns.

489 3886 543 3945 tat.
575 3890 612 3946 ile
632 3892 729 3945 sancto
750 3889 970 3945 llartbolomaeo.

630 4010 672 4063 Ad
691 4008 830 4077 vesperas.

140 4138 168 4194 1.
194 4132 318 4194 Plaudet
340 4136 442 4194 chorus
466 4137 629 4194 coelestiam
759 4138 785 4195 2,
812 4135 917 4192 lterum
940 4134 1042 4207 gaude,
1066 4136 1172 4195 111111,

194 4219 369 4291 Organizans
393 4222 529 4295 tripudio,
811 4221 903 4292 Magis
927 4220 1034 4276 resulta
1053 4219 1194 4293 laudibus,

192 4304 284 4363 Laeta
302 4320 402 4365 manus
424 4308 602 4365 terrestrium
813 4307 852 4366 Ut
874 4305 968 4362 laudis
987 4304 1121 4375 jubilatio

194 4388 367 4450 solemnizet
388 4409 452 4451 curn
474 4393 586 4466 gaudio.
809 4391 923 4464 Magnis
947 4391 1125 4448 commendet
1147 4389 1264 4448 vocibus
