2918 4868
637 267 872 332 „124-

414 448 444 505 6.
468 443 584 502 Numiui
607 443 683 501 trino
705 441 820 501 monadi
842 446 984 515 salusque,

466 528 567 589 Gloria
589 536 632 586 est
655 528 731 601 patri
752 528 903 601 genitoque
929 542 1042 586 carmen

465 614 590 673 Flamini
609 615 709 686 virtus,
732 613 823 672 honor
844 628 960 690 aequus,
983 613 1058 672 idem

509 703 633 773 Compar
653 699 777 772 utrique.

234 822 310 871 Brev.
327 821 457 870 Auriause
474 821 537 884 imp.
556 818 734 868 salmanticae
754 813 828 867 1501.

561 998 611 1057 let.
647 999 687 1056 lle
704 1000 803 1056 senem
820 996 949 1056 durasia.

653 1118 697 1172 Ad
715 1118 857 1187 Vesperas.

170 1251 198 1310 1.
221 1249 394 1308 Hierarchia
415 1248 499 1324 trine,
523 1247 625 1320 gaude,
782 1247 810 1305 3.
835 1246 915 1304 Haec
938 1262 1000 1303 cum
1023 1261 1090 1320 rege
1113 1247 1308 1319 Hispanorum

262 1336 308 1394 En
330 1334 422 1407 spirat
445 1333 584 1391 ecclesiae
877 1331 1044 1390 Maritauda
1066 1333 1197 1408 mittitur,

218 1419 280 1478 Lux
303 1421 440 1477 immensa
462 1419 549 1491 digua
570 1418 656 1476 laude
834 1416 949 1476 Turbae
972 1418 1080 1475 tuenda
1103 1419 1227 1475 virorum

261 1505 402 1578 Martyris
424 1504 574 1571 Eurosiae,
876 1501 975 1561 Nobili
998 1503 1193 1573 committitur,

218 1591 350 1650 Hostium
373 1590 473 1647 collisa
496 1587 598 1647 fraude
834 1587 891 1647 Sed
914 1589 944 1645 iu
970 1589 1017 1647 uia
1038 1590 1228 1662 malignorum

263 1676 409 1749 Antiquae
430 1675 583 1748 nequitiae.
876 1676 903 1733 Δ
926 1673 1011 1732 turba
1033 1674 1189 1734 invaditur.

166 1781 195 1840 2.
218 1778 299 1837 Haec
321 1778 447 1836 Bobema
469 1778 593 1854 untione,
781 1779 810 1837 4.
833 1777 914 1834 Haec
935 1777 1036 1835 invasa
1059 1777 1221 1835 trucidatur

261 1864 338 1922 Nata
361 1863 436 1936 regis
458 1863 559 1930 incliti,
878 1862 947 1920 Cum
970 1878 1021 1920 sua
1045 1861 1163 1936 familia,

220 1949 309 2023 Virgo
332 1965 404 2021 pura
426 1949 530 2005 mentis
552 1947 653 2019 bonae,
833 1947 991 2005 Trucidata
1013 1956 1174 2018 coronatur,

266 2033 384 2094 Stabilis
407 2032 547 2106 propositi
879 2033 986 2090 Summi
1007 2035 1083 2107 regis
1105 2032 1165 2091 iilia

219 2121 257 2180 Et
281 2119 365 2178 fortis
388 2120 416 2177 iu
439 2119 572 2192 passione
835 2118 898 2176 lam
923 2118 1024 2177 effecta
1045 2119 1217 2191 suffragatur

264 2205 399 2277 Corporis
422 2204 554 2276 expositi.
878 2205 978 2262 Multis
1000 2221 1052 2262 sua
1074 2204 1176 2278 gratia.

526 2310 553 2366 5.
577 2305 666 2376 Petri,
690 2311 756 2364 nato
779 2307 980 2379 pneumatique

622 2391 707 2463 Laus,
731 2392 822 2450 honor
844 2397 873 2448 et
895 2393 995 2467 gloria,

579 2477 688 2535 Eadem
711 2478 773 2535 laus
794 2477 945 2549 utrobique

621 2562 723 2620 Multis
744 2561 937 2635 applauserit,

578 2647 634 2705 llic
655 2648 786 2721 regnanti
808 2652 836 2704 et
858 2646 964 2720 ubique

621 2735 749 2792 Aeterna
769 2733 915 2793 memoria.

239 2855 313 2902 Brev.
332 2853 447 2902 Osceuse
465 2850 631 2900 ctdacceuse
650 2852 712 2915 imp.
731 2850 957 2916 Caesaraugustae
978 2848 1050 2901 1505.
1072 2877 1101 2885 -
1121 2848 1146 2911 2,
1167 2848 1179 2899 l
1199 2850 1335 2901 Bohemia.

483 3005 487 3014 ³
564 3033 619 3091 192.
657 3035 695 3092 lle
713 3037 813 3093 saneta
830 3034 957 3092 durosia.

639 3156 681 3210 Ad
699 3155 869 3210 Nocturnum.

169 3285 198 3345 1.
221 3283 254 3341 lu
278 3282 361 3353 hujus
383 3281 475 3339 almae
497 3282 616 3355 virginis
782 3285 810 3342 3.
835 3281 918 3340 Roris
940 3279 1058 3354 perfusa
1080 3282 1177 3341 coelici

222 3368 261 3426 Et
282 3367 417 3439 martyris
441 3366 621 3426 dulcissimae
835 3366 958 3424 Eurosia
981 3367 1162 3439 pinguedine,

223 3454 323 3512 Laude
347 3453 384 3511 da
407 3469 505 3524 pacem
530 3451 654 3518 famulis
838 3452 954 3523 Nostra,
977 3470 1029 3510 nos
1052 3468 1128 3528 rege,
1152 3451 1282 3510 subtrahi

221 3539 335 3597 Lucis
359 3544 515 3595 creator
535 3539 685 3611 optime.
837 3538 885 3595 Ne
901 3555 994 3596 mens
1010 3537 1345 3610 graveturcriminc.

169 3645 197 3702 2.
220 3641 321 3700 Finem
344 3647 427 3712 aptas
451 3640 601 3712 principio,
785 3644 814 3701 4.
837 3641 878 3700 Ut
900 3640 1034 3713 pluvialis
1057 3641 1151 3698 laticis

223 3728 303 3785 Bono
326 3726 439 3798 largiris
462 3726 543 3796 operi
836 3726 976 3784 Procuret
997 3725 1174 3784 stillicidium

221 3812 358 3870 Fructum
382 3811 459 3869 finali
482 3811 611 3889 termino,
837 3811 926 3871 Siccis
948 3818 1042 3869 terrae
1064 3811 1202 3883 latibulis,

221 3899 289 3968 Qui
312 3897 730 3971 inanejuugisvesperi.
836 3897 1020 3956 Coelorum
1042 3898 1344 3970 pulsetiutimum.

525 4003 553 4059 5.
578 4000 667 4059 Triuo
688 4001 751 4059 Deo
773 4006 802 4058 at
823 4001 946 4073 simplici

582 4086 670 4144 Prece
692 4087 898 4159 supplicatoris

580 4172 632 4241 Sit,
656 4174 832 4245 postulamus
856 4171 963 4239 comui,

584 4258 699 4330 Laus,
723 4259 856 4329 bouur,
882 4258 1022 4330 virtue,
1047 4257 1176 4330 gloria.

236 4378 313 4427 Brev.
331 4377 445 4426 Oscenso
463 4382 489 4425 et
505 4377 633 4426 daeceuee
650 4379 712 4440 imp.
732 4377 958 4441 Caesaraugustae
981 4372 1054 4424 1505.
