2918 4868
602 240 832 304 *143-

192 415 248 473 Sed
272 416 327 475 Dei
350 421 433 488 septa
456 415 574 473 dextera

236 502 305 561 Mox
328 501 392 559 istis
415 501 509 559 verbis
531 500 636 561 utitur:

191 587 214 645 Ο
237 585 393 663 praefecte,
418 587 567 645 considera

234 672 335 742 ileum,
358 672 406 745 qui
428 689 446 729 a
468 689 512 730 ure
535 671 647 748 colitur,

128 756 160 815 V.
189 757 219 814 Si
242 758 303 830 ejus
325 757 386 830 agis
408 774 505 831 opera,

754 417 783 476 3.
807 415 844 473 Et
868 431 921 488 pro
944 414 1007 471 istis
1029 414 1188 487 suppliciis,

850 498 959 571 Quibus
983 516 1049 558 care
1072 504 1243 577 maceratur,

808 586 875 644 Sum
896 585 955 642 illis
979 585 1065 658 digna
1085 585 1207 658 gaudiis,

848 670 956 742 Quibus
979 670 1057 728 Deus
1079 671 1243 729 honoratur.

230 845 257 900 A
280 860 334 916 que
357 843 478 900 mundus
500 841 659 916 redimitur,
754 828 783 886 4·
807 825 893 884 Canis
915 824 1123 900 ⁸b⁰fl¹in³bl¹i⁸r

190 928 257 986 Eris
278 929 306 986 in
330 928 384 986 Dei
408 928 536 998 dextera,

232 1016 287 1074 Pro
310 1031 365 1087 qua
389 1014 487 1071 labeus
510 1014 637 1087 erigitur.

138 1170 165 1227 2.
190 1166 335 1226 Nudatam
354 1168 413 1226 suis
435 1169 560 1227 vestibus

234 1255 266 1312 lu
289 1255 348 1312 alte
370 1255 443 1313 banc
466 1254 632 1327 suspendite

191 1339 229 1396 Et
252 1356 315 1396 eum
338 1341 433 1397 multis
455 1339 636 1413 lampadibus

848 911 879 970 Si
900 928 967 968 earo
990 910 1043 969 tibi
1066 910 1199 978 traditur,

889 996 1020 1057 Christus
1043 996 1093 1053 dat
1107 1011 1176 1054 vera
1199 1009 1310 1066 azyma,

806 1083 904 1141 Virtus
923 1083 1002 1154 eujus
1024 1078 1175 1153 mirabilis,

846 1168 894 1226 Ad
917 1167 1108 1226 damnandum
1124 1164 1306 1240 persequitur

889 1254 980 1312 Tuum
1001 1268 1105 1325 carpus
1121 1267 1185 1310 eum
1200 1249 1303 1309 anima.

234 1425 336 1483 Totum
358 1442 460 1498 corpus
483 1425 650 1493 comburite,
755 1412 784 1468 5.
807 1411 906 1470 Jesum
929 1407 1075 1468 Christum
1097 1405 1258 1464 mirabilem

194 1509 280 1568 Vobis
304 1513 357 1568 hec
382 1509 561 1582 facientibus,

234 1595 264 1654 Si
287 1596 356 1654 milri
377 1596 472 1672 nabet,
497 1596 641 1669 quaerit03

193 1681 223 1739 Si
247 1681 316 1740 dicit
341 1700 409 1750 rica,
434 1698 468 1740 er
490 1680 617 1739 fontibus

236 1767 357 1824 Multam
381 1784 482 1839 aquarn
504 1767 638 1839 accipite,

132 1852 166 1910 V.
194 1851 274 1909 Tunc
296 1852 372 1910 intus
394 1852 472 1910 illam
495 1851 625 1910 omuibus

236 1937 375 1996 Membris
398 1938 493 2011 ligatis
516 1938 620 1996 mittite

195 2022 233 2080 Et
253 2023 294 2080 ita
317 2023 409 2080 medis
431 2023 571 2101 omuibus,

237 2109 278 2169 Ut
299 2108 368 2165 milri
392 2107 489 2182 nubat,
513 2109 621 2182 pellite.

141 2265 170 2322 3.
193 2262 353 2334 Margarita
375 2269 475 2322 sancta
497 2264 552 2323 Dei

237 2349 344 2421 ignem,
367 2365 468 2422 aquam
492 2349 602 2424 patitur

196 2432 345 2492 Cruciatas
367 2451 486 2508 magnae
510 2435 552 2493 rei

236 2519 269 2576 In
292 2535 326 2577 ea
347 2518 504 2593 perficitur,

196 2606 255 2663 lsta
274 2604 391 2678 lympha
411 2612 481 2664 nutu
503 2607 567 2680 Dei,

240 2690 277 2749 Ut
301 2689 338 2748 ab
360 2691 424 2763 ipsa
446 2693 602 2764 queantur,

198 2776 376 2848 Baptismum
398 2785 528 2836 sanctum
551 2777 583 2836 iit
606 2778 641 2849 ei,

239 2864 300 2932 Quo
324 2863 417 2934 prima
439 2863 524 2936 culpa
546 2864 672 2938 pellitur.

136 2947 169 3002 V.
197 2946 340 3006 coronata
364 2949 443 3020 virgo
465 2949 519 3007 Dei

240 3032 285 3089 ab
309 3050 383 3106 aqua
405 3035 561 3107 egreditur,

198 3117 237 3174 Et
259 3118 389 3177 columba
412 3119 483 3176 dicit
504 3120 546 3180 ei:

239 3203 367 3277 Regnum
390 3203 443 3261 tibi
466 3206 609 3279 panditur.

283 3410 324 3467 lu
348 3409 554 3472 Laudibus.

328 3545 503 3609 Antiphonem.

147 3668 174 3726 1.
199 3667 279 3724 Haec
301 3672 345 3724 est
367 3667 454 3740 digna
476 3669 613 3728 memoria

244 3752 330 3826 Virga
352 3753 438 3826 plena
459 3755 622 3832 prudentia,

201 3838 289 3895 Preee
312 3839 391 3910 eujus
413 3839 443 3896 in
465 3839 556 3912 gloria

241 3923 366 3982 lacatur
387 3940 525 3996 apamens
546 3925 625 3990 vitia.

149 4080 176 4134 2.
202 4077 274 4134 Nam
296 4077 383 4153 Deus,
410 4078 455 4136 cui
477 4080 571 4139 servio

243 4164 341 4221 Mente
363 4180 476 4237 semper
498 4181 561 4223 cum
585 4165 673 4239 fideli,

202 4248 253 4304 Est
277 4248 346 4305 milri
368 4250 397 4307 in
419 4250 525 4308 auxilio

243 4333 340 4392 Vicem
362 4335 487 4394 reddens
508 4335 627 4396 infideli.

850 1494 891 1551 Te
914 1499 1029 1566 oportet
1051 1493 1174 1551 adorare

807 1579 846 1638 Et
868 1579 1022 1638 Saturnum
1043 1577 1195 1637 horibilem

849 1660 1309 1737 Tamquammenstrumrciutarc.

808 1826 824 1849 ‘
918 1833 959 1883 Ad
978 1832 1144 1884 Benedictus.

744 1974 780 2035 Δ.
804 1973 862 2032 Res
884 1972 1017 2031 miranda
1039 1972 1121 2031 nobis
1144 1973 1230 2031 datur

851 2057 1027 2131 Margaritae
1049 2057 1197 2130 martyrio,

809 2145 878 2216 Ipsa
898 2144 1045 2204 Malclrum
1069 2144 1244 2217 deprecatur

852 2230 977 2301 Surgens
998 2229 1035 2288 ab
1057 2229 1194 2301 oratorie,

810 2314 851 2374 Ut
872 2332 937 2373 mox
960 2320 1047 2387 caput
1068 2316 1209 2373 evellatur

853 2403 950 2460 Asue
971 2400 1044 2460 collo
1066 2399 1194 2475 proprie.

783 2659 836 2718 Ad
860 2657 985 2717 Horas
1007 2656 1268 2729 Antiphanes.

935 2810 976 2860 Ad
994 2811 1117 2860 Primam.

812 2950 950 3011 Abscissa
973 2949 1034 3021 eius
1057 2949 1151 3022 eapite

855 3038 926 3096 Orat
934 3033 1309 3093 Christumsanctissimum:

813 3122 903 3197 Istud,
926 3138 944 3179 e
965 3122 1036 3182 Jesu
1057 3119 1165 3186 inclite,

855 3207 927 3265 Dela
949 3211 1098 3279 peccatum
1120 3203 1282 3263 maximum.

936 3374 977 3424 Ad
994 3375 1119 3426 Tertiam.

813 3513 1027 3574 benedicebant
1049 3513 1201 3572 Dominum

855 3600 1099 3673 archangelorum
1122 3598 1236 3672 agmina

813 3688 853 3745 Et
873 3692 1037 3759 superstant
1058 3685 1267 3744 sanctissimum

854 3772 946 3831 Tuum
968 3787 1082 3844 corpus,
1105 3788 1122 3829 ο
1145 3771 1268 3830 domina.

945 3941 986 3991 Ad
1004 3941 1119 3992 sextam.

814 4079 957 4154 Infirmus,
980 4080 1109 4152 claudus,
1133 4077 1237 4137 debilis

856 4165 1005 4240 Tangebat
1027 4183 1131 4238 cerpus
1149 4164 1294 4239 martyris,

813 4251 940 4324 Uterque
963 4250 995 4310 tit
1014 4251 1151 4310 sanabilis

830 4337 996 4416 ‘Exemplo
1019 4337 1086 4396 dato
1108 4334 1240 4409 posteris.
