2918 4868
672 249 883 312 -20-

565 418 590 473 t.
626 417 664 472 he
683 415 816 472 Passieno
835 415 982 489 imaginis.

310 547 351 604 In
376 547 403 606 1.
428 545 620 618 vesperis.

352 681 392 730 Ad
411 679 571 746 Megaifieat.

183 803 219 859 A.
243 803 348 860 Omnes
371 802 492 876 diligant
514 803 650 860 ardenter

242 890 337 960 Opere
359 895 385 945 at
409 890 531 948 veritate

241 973 339 1032 Jesum
362 974 506 1032 Christum
530 979 697 1049 creatorem,

798 546 828 604 2.
858 544 947 616 Lapis
970 544 1006 601 de
1028 551 1124 603 mente
1143 546 1203 616 jam
1228 553 1327 603 saneto

860 629 927 687 Sine
950 629 1080 688 manibus
1103 632 1250 702 praecisus

858 715 913 772 Est
935 715 1061 775 salvator
1083 721 1181 774 noster
1204 715 1342 792 Christus,

857 800 902 858 De
925 799 1035 874 virgine
1052 801 1112 872 jam
1131 809 1224 872 natus,

857 888 973 959 Queat
995 885 1090 945 Dauid
1113 887 1299 947 Philistaeum

855 971 1029 1030 Daemonem
1053 972 1262 1051 convincimus3

241 1062 329 1132 Quem
352 1060 381 1116 in
404 1059 540 1117 mundum
562 1059 640 1116 misit
661 1065 745 1131 pater
796 1055 959 1116 uranus
983 1064 1027 1115 est
1049 1075 1170 1131 namque
1193 1059 1320 1119 salvator

241 1144 336 1217 Larga
359 1150 467 1203 tractus
490 1144 619 1216 caritate,

245 1229 382 1288 Nostrum
405 1246 503 1290 verum
526 1230 706 1291 salvatorem.

304 1452 359 1510 Ad
382 1453 618 1512 Matutinum.

364 1583 558 1639 Invitatorium.

240 1711 402 1770 Adoremns
424 1712 515 1770 Deum
539 1713 646 1786 desum,

242 1795 364 1856 Sanctae
385 1797 497 1858 Mariae
520 1797 617 1859 titium.

303 2020 626 2088 ln1.Noetnruo.

376 2156 551 2223 Antiphonae.

182 2276 211 2335 1.
243 2277 363 2335 Genitos
384 2297 402 2337 a
423 2279 486 2338 Deo
508 2287 592 2353 patre

246 2363 419 2437 virgineque
441 2381 556 2438 semper
574 2373 667 2425 matra

243 2446 349 2506 Faetus
372 2456 416 2507 est
437 2451 536 2509 mnndi
558 2452 694 2526 salvator,

239 2534 293 2607 Qui
311 2535 370 2605 jam
394 2541 507 2593 enatet
529 2543 650 2599 creator.

182 2656 211 2714 2.
243 2653 307 2712 Neu
331 2659 375 2711 est
396 2654 449 2712 suh
471 2656 549 2714 coelo
572 2657 645 2716 atius

241 2739 268 2797 A
292 2739 406 2797 Christo
429 2741 619 2822 redemptore,

241 2824 302 2894 Quo
324 2824 386 2897 quis
409 2826 515 2885 salvari
539 2829 642 2902 valeat,

241 2909 279 2967 Et
302 2909 372 2968 coeli
394 2911 541 2984 largitore.

181 3032 210 3090 3.
240 3030 368 3089 Mentem
390 3038 519 3090 sanatam
542 3034 663 3094 diaimus

241 3115 385 3174 Christum
408 3117 589 3192 salvatorem,

240 3202 267 3259 A
290 3207 374 3274 patre
394 3219 477 3276 quem
499 3206 660 3279 aeeepimus

242 3285 360 3345 Gratiae
383 3288 521 3351 damrem.

368 3442 553 3508 Respousoria.

184 3562 211 3623 1.
241 3562 374 3622 Salvator
397 3563 527 3624 Christus
550 3567 699 3642 Dominus,

240 3649 319 3707 Deus
343 3648 476 3708 ethome
499 3668 592 3725 veras,

243 3734 330 3807 Cupit
351 3734 480 3794 hemines
502 3737 608 3797 salvari

243 3821 283 3880 Et
304 3819 342 3879 ad
364 3821 536 3894 agnitionem

242 3905 334 3964 Verae
356 3904 424 3964 fidei
446 3910 552 3982 vocari,

240 3990 326 4053 Unde
346 3994 430 4054 Jesus
453 3994 587 4054 salutaris

239 4076 334 4135 Debet
356 4079 505 4140 nominari.

179 4164 213 4225 V.
237 4163 304 4236 Ipse
326 4163 466 4236 siquidem
488 4168 632 4244 populum,

237 4248 261 4306 A
287 4250 413 4322 pereatis
434 4252 547 4311 salvans
570 4271 650 4312 suum

238 4334 323 4395 Coelo
343 4335 468 4398 situsvit.

856 1141 985 1203 Christus
1008 1144 1161 1217 angularis
1176 1145 1258 1217 lapis.

796 1265 824 1322 3.
856 1264 979 1335 Propter
1001 1263 1055 1322 Dei
1080 1265 1171 1337 patris
1193 1266 1342 1324 caritatem

857 1346 982 1407 Nimiam
1004 1351 1082 1407 venit
1104 1350 1187 1409 nohis

855 1433 927 1505 Eius
950 1434 1113 1508 unigenitus

856 1518 1038 1593 Virginisqus
1060 1526 1154 1592 uatus,

853 1603 911 1663 Sua
933 1606 1073 1682 passione,

853 1689 919 1748 Jam
940 1692 1017 1764 qued
1036 1693 1170 1767 perierat,

856 1776 981 1848 Cupiens
1002 1778 1123 1837 salvare.

795 1861 831 1922 V.
854 1861 928 1919 Dum
952 1861 1045 1936 imago
1066 1864 1220 1922 salvatoris

858 1949 892 2006 In
916 1950 1022 2019 Beryto
1044 1950 1213 2029 perentitur,

854 2033 935 2091 Tune
956 2034 1072 2106 sangnis
1094 2035 1236 2108 pretiosus

855 2118 990 2193 Largiter
1011 2119 1176 2181 effunditur.

910 2325 953 2384 In
977 2327 1005 2385 2.
1029 2324 1237 2389 Nocturna.

990 2443 1167 2507 Antiphanes.

799 2547 827 2607 1.
859 2547 1018 2606 Salvatoris
1040 2548 1134 2619 grstia

900 2632 1059 2690 Evidenter
1081 2638 1170 2706 patet,

861 2717 932 2775 Dum
955 2718 984 2775 ia
1007 2718 1115 2792 Beryto
1139 2720 1233 2791 passio

900 2802 1006 2861 Christi
1025 2804 1086 2875 jnm
1109 2821 1165 2862 non
1187 2804 1267 2865 latet.

796 2925 826 2982 2.
856 2921 952 2995 Imago
975 2921 1136 2994 percutitur

900 3006 999 3065 Nostri
1021 3008 1183 3079 salvatoris,

855 3093 904 3153 Sia
926 3093 1041 3166 sanguis
1063 3092 1218 3152 effunditur

904 3177 967 3236 Non
992 3179 1075 3250 parri
1098 3179 1213 3238 valoris.

795 3301 825 3360 3.
855 3297 1044 3372 Baptizantur
1062 3298 1154 3372 gloria

900 3384 1008 3443 Christi
1030 3385 1182 3444 salvatoris

856 3468 904 3527 Sie
925 3469 1031 3529 undam
1052 3475 1222 3529 venerantes

899 3556 970 3615 Tam
991 3555 1082 3615 sancti
1107 3554 1225 3617 eruaris.

982 3725 1167 3791 Responsoria

796 3831 823 3891 1.
853 3830 928 3890 Dum
950 3830 1043 3904 imngo
1065 3832 1217 3891 salvatoris

854 3918 882 3976 A
903 3915 1022 3977 Judseis
1044 3922 1088 3974 est
1108 3933 1253 3997 pereussa,

856 3999 1027 4074 Sanguinem
1050 4000 1151 4062 effudit
1172 4022 1271 4065 verum

857 4086 942 4145 Velut
964 4087 1030 4144 olim
1053 4104 1154 4161 aquam
1177 4099 1270 4166 petra,

855 4174 916 4244 Quo
938 4179 1076 4231 sanantur
1097 4174 1234 4250 languidi,

855 4258 965 4318 Crescit
986 4258 1059 4317 tides
1081 4276 1159 4333 vera,

854 4344 894 4405 Et
915 4344 996 4402 multi
1018 4345 1170 4410 laetantur,
