2918 4868
607 301 840 365 -215-

477 502 536 558 373,
572 502 611 560 llo
628 516 650 559 s.
668 501 759 561 llario
776 502 961 580 Aegyptiace„

634 625 676 679 Ad
693 625 809 682 Laudes.

134 747 161 808 1.
184 749 280 822 Aegra
303 749 397 807 currit
417 749 456 808 ud
478 749 631 822 porticum,
749 755 778 813 3.
800 750 911 809 Audite
932 750 1034 823 implet
1055 750 1141 810 arida

185 833 292 906 Nequit
313 834 420 893 habere
442 834 562 909 aditum,
802 836 909 895 Christi
932 836 1039 894 mulien
1060 836 1163 910 gratia,

183 918 271 978 Flens
293 936 404 993 qunque
425 921 521 979 statim
545 922 654 994 reperit
799 922 871 979 Tres
893 936 983 994 panes
1005 937 1101 980 secum
1124 922 1236 993 detulit,

184 1005 218 1064 ln
241 1004 295 1062 Dei
318 1013 419 1078 matre,
442 1007 518 1079 quod
540 1008 622 1079 petit.
803 1007 858 1065 Per
877 1023 948 1080 quos
970 1022 1002 1065 se
1023 1006 1167 1066 inorbem
1180 1006 1310 1066 contulit,

131 1109 159 1168 3.
182 1106 350 1181 Surgentem
374 1125 436 1167 cum
459 1107 564 1169 fiducia
747 1113 776 1169 4.
800 1109 858 1169 Uni
880 1108 942 1168 Deo
963 1109 1003 1166 sit
1023 1110 1115 1182 gloria

184 1193 299 1252 Intrare
319 1195 418 1267 templi
441 1195 525 1267 ostia,
801 1195 857 1252 Pro
878 1193 1046 1253 multiformi
1069 1195 1171 1271 gratia,

184 1278 245 1337 Vox
269 1280 340 1338 coeli
363 1279 441 1339 clara
464 1280 584 1353 intonet,
678 1346 684 1357 ¹
800 1279 853 1353 Qui
876 1280 975 1353 culpas
996 1286 1025 1337 et
1047 1281 1192 1353 supplicia

182 1361 303 1422 Flumen
325 1366 463 1427 lordonis
485 1372 622 1424 transeut
799 1366 931 1424 Remittit
952 1371 981 1424 et
1004 1365 1054 1425 dat
1077 1367 1214 1439 praemia

200 1483 275 1532 Brun.
288 1483 517 1548 Calagurritanum
531 1488 557 1532 et
569 1483 734 1534 Calciaiense
749 1483 811 1548 imp.
824 1483 950 1533 Lucrouii
967 1478 1040 1533 1543·
1053 1509 1089 1520 -
1100 1479 1125 1544 2,
1142 1481 1161 1533 4
1177 1483 1307 1534 Fluvium.

477 1734 535 1792 377.
572 1734 611 1792 lle
629 1749 650 1791 n.
669 1734 760 1792 llnria
778 1731 961 1806 Aegyptiace.

601 1856 644 1910 Ad
662 1856 834 1912 Nocturnum.

130 1982 156 2043 1.
181 1981 288 2042 Nostra
310 1988 404 2041 cantet
428 1983 550 2042 ecclesia
744 1986 773 2046 3.
797 1983 894 2055 Usque
916 1981 953 2040 ad
978 1980 1054 2040 lones
1077 1983 1215 2041 ecclesiae

183 2069 290 2127 Summi
314 2069 389 2141 regis
412 2068 563 2146 magnalia,
796 2067 928 2125 Accessit
949 2068 1122 2140 ingressuro,

179 2155 233 2226 Qui
255 2170 290 2211 ex
312 2158 446 2229 Aegypto
468 2155 590 2214 Mariam
796 2153 843 2212 Ad
864 2168 989 2210 eremum
1009 2154 1069 2225 Jam
1092 2154 1185 2212 tendit

178 2240 224 2297 Ad
248 2256 327 2297 suum
350 2241 509 2299 transvexit
530 2240 659 2314 gloriam.
795 2238 917 2296 Domino
940 2238 1091 2298 servitura.

128 2343 156 2401 2.
183 2341 275 2400 Vitam
300 2343 406 2401 ducens
430 2342 625 2402 foedissimam
742 2344 773 2405 4.
795 2341 934 2399 Humanis
957 2356 1060 2414 nempe
1082 2341 1192 2399 soletiis

180 2429 235 2486 Per
253 2428 342 2486 nimia
363 2429 457 2487 cernis
480 2429 618 2488 scandala
795 2427 916 2486 Omnino
939 2427 1073 2502 caritura,

182 2512 388 2587 lerosolymam
412 2515 536 2573 tetendit
795 2512 930 2572 Plurimis
952 2511 1132 2571 abstinentiis

182 2599 228 2656 Ad
252 2615 364 2656 crucem
387 2600 573 2662 adorandum.
798 2598 1005 2658 Poenitentium
1026 2603 1136 2658 actura

478 2707 505 2762 5.
528 2702 587 2761 Nos
609 2701 666 2775 ipsi
689 2700 788 2759 demus
810 2699 939 2773 gloriam,

530 2788 583 2858 Qui
605 2788 665 2845 suis
688 2787 739 2845 dat
760 2786 909 2845 victoriam

530 2872 569 2930 Et
591 2873 713 2931 Mariam
735 2871 910 2950 Aegyptiam

532 2958 579 3017 Ad
602 2974 682 3016 suam
705 2958 787 3015 duxit
809 2958 941 3029 patrium.

197 3077 271 3126 Brev.
291 3093 337 3126 ms.
350 3077 498 3126 Oxomeuae
517 3091 584 3125 saec
606 3072 644 3125 15.
663 3075 725 3126 eod.
739 3076 960 3139 Cepitilxomen.
979 3093 999 3125 s.
1019 3093 1043 3128 n.
1063 3102 1093 3110 -
1112 3073 1136 3137 2,
1154 3073 1171 3127 3
1189 3077 1305 3127 tendenti

128 3147 176 3196 Hs.
195 3171 227 3179 -
246 3143 269 3204 5,
288 3143 305 3194 l
324 3146 448 3210 produxit
465 3146 519 3208 11⁸3
534 3143 675 3209 jodeufalls
693 3144 823 3208 perduxit

473 3397 533 3454 378.
567 3397 605 3454 lle
623 3412 644 3452 s.
663 3394 754 3454 llaria
771 3395 953 3469 Aegyptiace.

632 3517 676 3572 Ad
695 3516 808 3571 Laudes

128 3648 156 3708 1.
182 3645 295 3703 Laudes
317 3642 446 3717 perfudit
468 3643 595 3702 Zosimus
743 3645 771 3701 2.
796 3641 952 3715 Sumptura
974 3655 1078 3712 corpus
1101 3640 1279 3699 Dominicum

179 3730 227 3790 Ad
249 3747 387 3788 summum
411 3744 505 3802 regern
527 3729 644 3803 gloriae,
796 3727 840 3785 De
862 3743 946 3785 mauu
968 3724 1081 3784 abbatis
1104 3727 1232 3786 Zosimae

179 3817 232 3889 Qui
256 3833 358 3888 mogun
381 3813 525 3873 mirabilia
794 3812 916 3871 Flumen
939 3811 1043 3870 transit
1064 3813 1249 3873 Jordanioum

179 3902 269 3960 Manu
291 3907 390 3975 patrat.
410 3901 579 3973 Aegyptiae.
796 3899 873 3957 Miro
895 3896 1009 3956 suffulta
1031 3897 1147 3956 lumine.

474 4023 504 4080 3.
529 4020 589 4079 Nos
611 4020 666 4093 ipsi
690 4019 789 4076 demus
811 4017 940 4093 gloriam,

526 4105 581 4177 Qui
603 4106 661 4164 suis
684 4104 734 4164 dat
756 4103 904 4162 victoriam

529 4191 566 4250 Et
589 4191 709 4250 Marium
735 4189 908 4263 Aegyptiam

524 4275 572 4335 Ad
595 4293 673 4335 suurn
697 4275 779 4333 duxit
800 4274 931 4347 patriam.

191 4414 265 4463 Brev.
284 4430 331 4463 ms.
350 4413 497 4462 Oxoruense
516 4426 584 4461 eaeo.
606 4407 644 4460 15.
663 4409 726 4459 eoo.
745 4409 835 4474 Capit
853 4408 979 4458 Oromeu.
998 4423 1019 4458 s.
1038 4424 1064 4457 n.
