2918 4868
608 275 840 340 -182-

139 454 167 511 3.
192 450 263 510 Jesn
287 450 411 522 Christe,
434 465 484 508 rer
508 450 625 523 gloriae,
753 453 783 510 4.
806 450 852 509 Da
873 456 1057 523 peccatorum
1079 450 1201 522 veniam,

192 537 266 595 Vota
288 552 436 596 servorum
460 536 583 608 suscipe,
807 538 926 595 Praesta
948 541 1110 594 sanctornm
1133 535 1263 608 gloriam,

192 622 285 694 Hujus
308 621 434 681 doctoris
456 621 591 695 precibus
807 623 847 684 Ut
870 621 943 680 tanti
960 621 1053 694 patris
1075 621 1184 679 meritis

192 707 283 765 Nobis
305 705 371 768 fave
393 708 546 781 propitius,
742 763 752 770 ,
807 707 886 766 Coeli
910 705 1038 766 fruamur
1056 706 1179 779 gaudiis.

494 833 524 889 5.
548 829 634 901 Laus,
658 828 757 900 honor,
781 828 882 901 virtus,
904 829 1005 902 gloria.

205 965 281 1015 Brev.
294 981 340 1014 ms.
354 965 514 1083 Hisgalenee
527 978 595 1012 saec.
610 960 649 1014 15.
663 962 727 1013 eod.
740 964 853 1014 Parisin.
868 960 963 1015 13234.
977 964 1008 1012 Δ.
1020 990 1054 998 -
1067 964 1142 1015 Brev.
1154 963 1314 1030 Hispalense

137 1035 200 1099 imp.
218 1034 330 1083 Parisiis
354 1030 429 1083 151.
452 1034 480 1083 B.
500 1059 531 1069 ·-
554 1034 629 1082 Brev.
648 1031 808 1096 Hispalense
830 1036 893 1099 imp.
912 1029 1017 1097 Hispali
1047 1029 1120 1083 1521.
1139 1032 1167 1083 C.
1186 1059 1216 1068 —
1237 1033 1313 1082 Brev.

137 1101 366 1167 Calagurritannm
385 1108 413 1151 et
423 1102 590 1153 Uulsiniense
608 1101 670 1166 imp.
683 1101 810 1152 Lucronii
826 1098 898 1152 1543.
911 1103 943 1151 D.
958 1128 988 1135 —
1005 1099 1026 1163 l,
1048 1099 1171 1165 lMagne
1187 1106 1273 1151 rector
1282 1101 1312 1150 Λ.

447 1353 503 1411 tlt.
538 1352 577 1410 [lc
594 1357 692 1413 nando
710 1351 819 1411 Isidoro
838 1351 1006 1410 llatritenai.

643 1495 762 1564 Hymnus
783 1495 805 1548 l.

143 1633 172 1694 1.
194 1634 319 1707 Magnae
340 1634 455 1694 virtutis
476 1635 561 1695 titulo
774 1639 803 1698 6.
828 1635 952 1695 Coelesti
975 1634 1148 1708 aspiramine

194 1719 396 1779 Collandemns
420 1722 563 1796 egregium
827 1721 995 1780 Sanctorum
1019 1727 1048 1778 et
1069 1721 1208 1780 ecclesiae

194 1804 300 1865 Divina
321 1806 408 1865 laude
428 1807 529 1865 sedulo
826 1807 903 1865 Miro
925 1806 980 1865 Dei
999 1807 1145 1878 juvamine

190 1890 348 1963 Exemplar
369 1891 548 1968 vigilantium
826 1891 890 1950 Hoc
912 1891 1047 1965 explebat
1069 1892 1206 1965 quotidie,

190 1975 236 2033 Ex
259 1976 425 2034 meritorum
448 1978 559 2036 cumulo
826 1977 913 2037 Nullo
936 1984 1081 2050 repertum
1104 1978 1216 2036 homine

190 2060 326 2120 Sanctum
346 2068 473 2121 nostrum
496 2063 649 2128 Isidorum.
824 2063 918 2135 Hujm
940 2069 984 2120 est
1006 2062 1111 2121 dorrum
1133 2064 1252 2137 gratiae.

139 2218 169 2278 2.
192 2214 296 2288 Spreto
318 2216 422 2289 quietis
444 2217 549 2275 lectulo
773 2219 802 2279 1.
824 2216 941 2274 Incusat
962 2215 1039 2273 hunc
1060 2214 1174 2289 vicinia,

192 2299 308 2361 Summa
330 2302 457 2375 repletus
479 2305 572 2376 gratia
823 2300 905 2372 Quod
927 2301 1038 2360 tardius
1060 2301 1209 2374 inciperet,

191 2385 315 2461 Surgeus
338 2387 424 2446 valde
446 2388 573 2447 diluculo
825 2386 870 2449 Ad
892 2386 1031 2445 arandum
1053 2402 1106 2460 per
1128 2387 1212 2446 devia

192 2472 337 2545 Perquirit
359 2475 530 2550 sanctuaria,
825 2472 894 2531 Cum
918 2473 996 2530 solus
1017 2488 1101 2530 mane
1123 2478 1266 2546 pergeret,

192 2557 382 2630 Pmlongatus
402 2558 532 2617 cubiculo
825 2558 865 2617 Ut
887 2563 980 2616 motus
1001 2558 1046 2616 ira
1069 2558 1157 2616 nimia

191 2642 318 2716 Virginis
340 2642 430 2702 intrat
447 2644 533 2707 atria.
824 2643 916 2702 Tutor
937 2658 999 2700 enm
1022 2643 1167 2703 illuderet.

139 2798 167 2858 3.
190 2795 313 2856 Sanctae
333 2796 434 2856 matris
455 2797 565 2870 palatio
771 2801 800 2859 8.
825 2799 980 2858 Perversos
1002 2801 1080 2855 tutor
1099 2797 1218 2857 audiens

191 2881 305 2941 Summa
328 2881 424 2940 cordis
445 2882 584 2942 instantia
824 2882 862 2942 Se
883 2882 965 2955 ponit
986 2881 1015 2941 in
1038 2882 1160 2948 insidiis,

190 2967 294 3026 Coram
320 2972 412 3026 matre
434 2972 464 3025 et
484 2966 545 3026 filio
824 2969 907 3027 Mera
932 2967 1056 3026 videndo
1077 2968 1211 3041 gradiens

190 3053 243 3112 Pia
264 3053 363 3126 prodit
384 3052 518 3127 suspiria,
827 3053 865 3112 Se
886 3052 1012 3111 abstinet
1033 3052 1175 3127 convitiis,

190 3137 291 3197 Vicina
312 3137 456 3197 desiderio
823 3139 1016 3211 compunctus
1039 3138 1126 3197 corde
1148 3141 1260 3212 potiens

190 3222 339 3283 Subintrat
359 3225 494 3286 oratoria.
819 3224 933 3282 Divinis
955 3239 991 3282 er
1013 3223 1136 3285 indiciis.

136 3382 165 3440 4.
188 3378 234 3436 Ex
256 3377 359 3451 quibua
380 3375 554 3438 valefaciens
775 3384 804 3442 9,
828 3379 901 3438 Nam
924 3378 1016 3437 bobus
1038 3377 1113 3436 albis
1136 3378 1249 3438 viderat

191 3463 286 3522 Villae
306 3463 369 3523 adit
391 3465 537 3535 ecclesius,
820 3467 959 3525 drentem
982 3481 1050 3538 agro
1066 3465 1210 3537 juvenem,

190 3549 270 3621 Orat,
293 3549 385 3607 nteit
406 3548 570 3625 proficiens,
821 3553 909 3624 Quem
933 3550 1056 3608 vicinum
1080 3550 1245 3610 crediderat

189 3634 304 3693 Christo
326 3650 415 3708 nsque
436 3634 596 3707 obsequias,
822 3636 974 3695 iuvantem
995 3651 1058 3693 esse
1079 3636 1231 3713 homiuem,

189 3721 268 3793 Opus
289 3720 393 3778 bonnm
416 3719 578 3793 perficiens,
824 3721 882 3781 Sed
895 3737 957 3779 cunr
970 3722 1030 3794 jnm
1046 3737 1183 3794 praesens
1196 3723 1309 3799 aderat,

189 3805 274 3864 Redit
297 3805 360 3865 Deo
383 3805 454 3864 dans
473 3806 591 3880 gratias.
824 3807 905 3866 Vidit
925 3808 1027 3866 adesse
1049 3808 1199 3868 nerninem.

137 3964 165 4019 5.
188 3958 288 4032 Jungit
305 3958 393 4020 boves
414 3960 452 4019 ad
474 3966 611 4034 aratrum,
752 3963 800 4021 10.
823 3962 1020 4037 Percontatur,
1044 3961 1107 4034 quis
1127 3957 1223 4032 inerit,

190 4045 261 4118 Agri
281 4051 314 4103 nt
335 4051 402 4118 agat
423 4062 520 4119 opera,
824 4047 877 4119 Qui
901 4061 993 4103 comes
1015 4063 1085 4119 ngro
1105 4051 1234 4119 steterat„

191 4130 261 4188 Duri
284 4130 391 4189 laboris
412 4132 548 4190 talatrum
823 4131 999 4207 Respondet,
1023 4132 1097 4205 quod
1117 4148 1172 4190 nou
1189 4130 1311 4204 noverit,

190 4215 329 4274 Caelestis
351 4217 428 4276 levat
452 4219 580 4289 dextera,
825 4217 890 4274 Post
914 4216 1004 4274 Deum
1028 4218 1075 4289 qui
1098 4233 1129 4275 se
1149 4218 1279 4289 juverat:

189 4301 304 4359 Adsunt
324 4303 412 4361 boves
434 4319 487 4375 per
507 4303 638 4376 angelum
827 4302 925 4375 Inquit
947 4303 1037 4371 miles,
1064 4303 1141 4375 quod
1164 4303 1270 4362 viderit

189 4388 276 4447 Parte
301 4388 444 4446 sulcantes
466 4388 568 4448 altera.
828 4387 989 4464 iuvantem,
1013 4389 1065 4446 sed
1087 4389 1275 4447 abscesserat.
