2918 4868
617 297 659 308 -
704 259 742 324 31
773 215 831 305 ’-

198 445 298 504 Floret
320 436 463 500 mellifluis
498 462 501 470 ·

241 527 337 586 iruotu
360 522 523 584 rorantibus
546 522 650 594 astris3

137 617 170 677 V.
202 616 272 674 Flos
295 615 413 687 generat
434 607 533 666 florem

240 701 276 758 do
298 698 368 758 floro
390 701 518 769 temporo
540 692 650 755 florum.

146 843 175 901 3.
199 837 319 897 Florida
340 840 503 894 sanctorum

242 924 322 996 virgo
344 926 477 980 conserta
499 918 621 989 choreis,

201 1011 311 1068 Hortus
334 1006 510 1080 praeriguus,

245 1093 398 1168 paradisus
422 1091 599 1160 deliciarum,

203 1181 283 1239 Haeo
304 1178 358 1237 tibi
381 1179 501 1236 dovotus

244 1256 532 1323 celebrat⁸solemuia
553 1258 685 1331 mundus,

140 1354 176 1416 V.
208 1352 260 1410 Est
282 1351 331 1424 qui
353 1349 434 1421 virgo
455 1346 512 1405 tuis

241 1436 348 1494 sanctis
372 1433 505 1493 redimita
527 1431 648 1490 coronis.

255 1711 346 1770 1113.
371 1708 578 1767 Nocturno.

331 1860 371 1912 Ad
390 1859 508 1910 Cantica.

138 2004 173 2061 Α.
196 2004 286 2075 Quam
308 1998 437 2073 pulchra,
461 2015 544 2072 quam
559 1998 700 2072 speciosa,

248 2086 378 2143 Vernaus
399 2085 428 2142 in
452 2084 563 2142 doliolis

205 2170 385 2245 virginitatis
406 2175 439 2227 ut
461 2186 535 2241 rosa,

246 2259 352 2317 Potens
374 2255 403 2313 iu
428 2254 546 2317 divitiis.

329 2441 514 2508 Responsoria

149 2585 176 2644 1.
200 2583 278 2642 Rosa
299 2597 422 2642 vernans
445 2581 583 2658 caritatis,

245 2669 378 2727 Plantata
399 2667 430 2725 in
451 2667 569 2727 Jerioho

204 2755 246 2813 To
270 2753 333 2812 lons
356 2753 431 2826 rigat
451 2752 567 2811 deitatis

246 2840 378 2898 Flumine
400 2837 530 2900 mirifico.

140 2926 176 2988 V.
200 2925 293 3001 anosl
313 2927 367 2997 [los
389 2941 527 2983 rosarum
542 2923 575 2982 in
590 2920 700 2997 diebos,

205 3011 301 3070 oerum
324 3015 350 3070 et
372 3009 458 3082 quasi
480 3007 554 3086 lilia,
576 3027 651 3082 quoe

205 3097 276 3157 sant
297 3096 330 3155 ia
352 3094 480 3154 transito
500 3111 605 3168 oquae.

362 3283 485 3333 Verbota.

204 3423 340 3496 Speciosa
363 3423 533 3495 plusquam
556 3440 622 3483 rosa

247 3509 330 3568 Josso
351 3508 432 3581 virgo
453 3504 559 3580 floruit,

208 3595 295 3666 Cujus
317 3592 415 3651 florem
438 3598 467 3650 et
483 3594 598 3652 odorem

248 3680 324 3738 Puer
346 3679 459 3737 clausus
481 3679 588 3742 sentiit.

205 3765 323 3824 Clausus
344 3771 424 3823 artus
447 3770 543 3823 servat
564 3769 665 3838 partus

248 3851 287 3909 Et
308 3848 406 3909 florem
430 3847 600 3922 fecunditas,

205 3937 314 4009 Rugum
338 3941 458 4007 coetum,
481 3950 577 3993 senem
599 3936 704 3994 laetum

250 4019 373 4080 Rofovet
394 4020 531 4083 suavitas.

207 4108 276 4166 Post
297 4107 326 4165 iu
349 4106 458 4180 templo
479 4123 533 4180 pro
554 4105 685 4178 exemplo

249 4192 328 4251 Odor
350 4191 430 4251 verbi
454 4189 593 4263 funditur,

209 4278 307 4336 Fossis
329 4279 406 4352 agris
430 4278 509 4337 dorsi
531 4274 627 4350 flagris

251 4363 343 4422 Cruor
362 4363 431 4423 inde
453 4360 577 4436 profluit,

815 433 855 491 Et
877 447 929 505 per
950 429 1061 503 spinam
1084 425 1256 486 medicinam

857 517 951 588 Caput
971 513 1105 573 membris
1127 511 1228 573 influit.

813 604 836 664 Ο
860 618 943 676 quam
961 601 1077 674 dignum
1093 599 1185 657 crucis
1202 598 1310 671 lignum

843 687 955 746 'lassis
978 683 1071 743 fertur
1093 683 1228 759 humoris,

816 774 899 833 Rosis
921 770 1015 846 quiuis
1038 770 1074 830 de
1097 769 1187 828 ruinis

858 860 1005 930 Mannum,
1028 855 1144 929 pedum,
1166 852 1274 913 latoris.

817 945 858 1004 Ut
878 942 1034 1016 praedixit,
1056 939 1109 1000 flos
1132 939 1237 999 revixit

859 1029 964 1088 Mortis
985 1028 1069 1101 pulso
1091 1025 1198 1098 nubilo,

817 1116 910 1188 Super
932 1113 1026 1173 caelos
1049 1110 1141 1170 fertur
1163 1111 1251 1168 melos

859 1200 1035 1273 Angelorum
1055 1196 1159 1270 J'ubilo.

817 1287 894 1345 lliuo
916 1283 1023 1361 eiulsit,
1044 1298 1128 1357 quem
1150 1280 1269 1339 indulsit

859 1372 922 1430 Lux
945 1370 1067 1429 stodor
1088 1368 1207 1441 spiritus

814 1457 854 1516 Et
875 1457 903 1515 iu
926 1455 1037 1514 thronis
1060 1453 1219 1514 Salomonis

858 1542 983 1601 Matrem
1005 1540 1081 1599 looat
1104 1539 1233 1598 ooelitus.

817 1627 882 1686 lllio
904 1632 1005 1685 vernat
1026 1624 1089 1697 llos,
1112 1641 1149 1682 na
1170 1630 1289 1696 spernat

859 1712 972 1785 spinas,
995 1711 1072 1770 uode
1094 1716 1178 1768 uatus
1200 1714 1253 1782 est,

817 1799 874 1859 Sed
897 1796 1000 1856 llorere
1023 1803 1052 1855 et
1073 1793 1232 1854 transferre

859 1883 970 1957 Faciat,
994 1899 1049 1956 quo
1071 1887 1169 1941 vectus
1191 1884 1243 1939 est.

896 2175 936 2234 In
960 2170 1167 2233 Laudibus.

920 2325 1005 2388 Super
1022 2323 1152 2374 Psalmos.

752 2466 789 2526 A.
813 2464 909 2524 Deoor
930 2461 1031 2521 florum

860 2549 1037 2623 praecellens
1060 2549 1131 2620 lilia,

816 2636 894 2694 Rosa
915 2634 1037 2708 pulolrra

860 2725 1013 2796 portuum
1036 2719 1136 2792 filium,

816 2808 885 2884 msi,
910 2806 969 2881 pia,

859 2910 911 2951 nos
934 2890 1096 2962 reconcilia,

818 2980 879 3049 Quo
903 2975 1033 3035 fruamur

861 3068 927 3136 post
948 3062 1002 3121 hoo
1024 3062 1165 3119 exsilium.

925 3281 966 3331 Ad
985 3280 1149 3332 Benedictus.

758 3426 794 3486 A.
818 3421 901 3482 Felix
924 3420 1004 3494 virgo

863 3513 890 3565 et
913 3511 1005 3564 mater
1026 3505 1120 3579 unica,

820 3594 934 3666 Expers
955 3592 1036 3666 paris

864 3677 961 3736 divino
983 3678 1118 3752 germine,

821 3764 954 3824 Caudeos
976 3781 1052 3840 rosa,

864 3849 946 3910 radix
970 3848 1082 3920 deifica,

823 3936 911 3994 Sacro
932 3932 1037 3992 florens

860 4017 979 4094 perfusa
999 4019 1123 4092 fiamine,

823 4106 988 4165 Gratiarum

863 4190 955 4249 imbre
977 4190 1135 4262 rorifluam,

822 4276 882 4334 Nos
903 4275 1060 4335 emundans

865 4361 901 4420 ab
924 4360 1001 4420 omni
1024 4361 1151 4420 arimino.
