2918 4868
605 292 839 355 -243-

515 493 578 550 423.
615 493 654 551 llo
675 495 775 550 sauata
792 492 930 551 Praxedo.

605 611 648 666 Ad
666 611 840 667 Nocturnum.

137 739 163 797 1.
187 738 307 810 Lingua,
332 754 431 810 promo
455 738 582 796 Balearis
751 741 781 797 4.
805 737 891 796 Fovit
912 738 955 795 illi
976 746 1071 796 rector
1093 741 1184 797 omnis

230 823 341 882 insulae
365 824 556 895 praeconium,
847 823 917 880 urbe
941 824 1075 897 prinoeps
1098 826 1246 903 maximus,

188 909 293 967 Mortis
317 911 386 966 llaec
412 908 549 966 Proxodis
572 909 648 968 alma
804 908 901 966 Currit
923 924 990 983 ergo
1012 910 1094 982 plebs
1118 909 1211 968 fidelis

230 995 309 1052 olnro
332 993 422 1068 fulget
445 994 566 1061 nomino,
846 1000 908 1052 tuta
929 1010 1050 1066 poscens
1074 995 1180 1072 limina,

191 1080 265 1151 Vita,
287 1080 378 1139 virtus
402 1080 468 1137 hino
491 1080 615 1150 nitescit,
803 1078 934 1137 Christus
956 1080 1018 1140 illie
1039 1081 1232 1154 praedicatur,

228 1167 304 1223 unde
327 1166 446 1239 prodest
468 1164 607 1223 omuibus.
845 1181 919 1223 vana
941 1172 1080 1237 spernunt
1100 1167 1188 1228 idola.

133 1290 161 1346 2.
186 1288 256 1344 Cum
279 1286 422 1358 prudente
442 1285 588 1343 Sabinella
749 1288 777 1346 5.
801 1282 890 1342 Dives
913 1291 1007 1343 exstat
1028 1285 1080 1344 illa
1103 1286 1198 1344 multis

229 1378 294 1428 sunt
317 1379 450 1444 parentes
473 1370 586 1445 virgini,
844 1369 929 1427 rebus
952 1371 1036 1442 huJus
1058 1372 1174 1448 saeculi,

187 1456 290 1514 Frater
311 1457 354 1514 illi
376 1456 541 1514 Timotheus
802 1454 896 1513 Multa
914 1457 992 1527 juste
1014 1457 1189 1530 possidendo

227 1559 289 1599 oum
314 1542 425 1601 Novato
448 1541 560 1614 claruit,
843 1542 931 1599 eorde
952 1557 1063 1614 pauper
1085 1543 1206 1614 exstitit,

186 1628 291 1700 Fulget
314 1628 373 1704 illa,
399 1626 488 1700 iulget
508 1626 575 1698 illis,
800 1626 872 1684 Inde
895 1644 981 1700 regna
1004 1644 1079 1685 nune
1101 1628 1231 1700 polomm

228 1711 318 1787 fulget
340 1719 369 1770 et
391 1712 567 1785 parentibus.
839 1712 905 1784 jure
928 1720 1012 1771 oaeta
1034 1713 1172 1785 possidet.

132 1835 160 1893 3.
184 1833 275 1892 Roma
296 1833 392 1891 nutrix
414 1830 498 1890 floret
519 1832 603 1904 liujus
747 1834 776 1891 6.
800 1832 932 1904 Lausque
954 1833 1041 1890 deeus
1063 1833 1186 1892 trinitati

227 1919 312 1977 laudo
334 1918 461 1991 gaudens
483 1917 569 1994 filias,
843 1925 945 1976 ouueta
966 1918 1005 1975 sit
1024 1934 1076 1991 per
1098 1921 1222 1981 saeculo.

186 2004 238 2065 (lui
260 2021 342 2062 soror
362 2003 532 2062 Potentiana
801 2005 863 2074 Qua
882 2008 999 2062 sanotae
1021 2005 1161 2063 Praxedis
1180 2013 1263 2065 emat

227 2106 335 2148 summa
357 2090 428 2148 eoeli
451 2088 600 2161 possidens
841 2088 960 2160 spiritus
979 2089 1124 2160 eoelestia,

184 2174 332 2250 Splendet,
355 2193 372 2232 0
395 2191 478 2247 ‹puam
501 2173 580 2246 virgo
596 2180 694 2231 nostra
798 2173 895 2233 Plebis
918 2180 945 2231 et
968 2174 1172 2246 Majoricomm

228 2261 326 2334 stirpis
348 2261 406 2318 nlto
429 2259 564 2333 germine.
841 2259 914 2317 ditat
936 2258 1036 2317 urbem
1059 2276 1188 2333 corporo.

199 2380 276 2429 Brev.
293 2377 467 2443 Majorieeuse
486 2380 547 2442 imp.
567 2377 686 2427 Venetiis
706 2372 779 2427 1506.

505 2643 569 2701 424.
605 2642 643 2700 llo
662 2645 762 2700 sauata
778 2643 913 2701 Praxeds.

628 2763 671 2818 Ad
688 2764 803 2820 Laudes.

130 2896 159 2956 1.
183 2894 293 2966 Gaude,
318 2895 397 2967 virgo
421 2893 596 2962 dulcissima,
743 2894 772 2951 4.
797 2890 908 2963 Gaude,
928 2891 1004 2963 quod
1026 2892 1123 2964 plures
1146 2900 1287 2966 martyres

182 2980 251 3038 Tuis
274 2981 363 3039 saeris
386 2978 552 3052 parentibus
797 2977 892 3036 Sacris
916 2974 980 3035 fulti
1002 2977 1181 3036 sermonibus

183 3066 267 3124 Sistis
290 3072 319 3123 et
341 3063 506 3123 felicissima
795 3062 859 3121 Jam
884 3067 1002 3136 regnant
1024 3061 1092 3121 laeti
1113 3063 1237 3122 coelibes

182 3150 298 3209 Duobus
320 3151 426 3210 sanetis
449 3148 597 3208 fratribus.
796 3148 867 3205 Tuis
890 3148 995 3220 sepulti
1017 3147 1158 3211 manibus.

128 3275 157 3332 2.
181 3271 290 3347 Gaude,
314 3287 397 3329 sacro
418 3269 556 3327 solamine
743 3272 771 3329 t.
796 3268 906 3339 Gaude,
931 3273 1087 3341 martyrum
1107 3269 1272 3343 sanguinem

182 3357 262 3428 Quod
287 3357 339 3414 tibi
361 3356 435 3413 misit
458 3354 607 3426 Dominus,
796 3354 864 3412 Miti
886 3353 1000 3428 legebas
1022 3354 1151 3429 spongia,

183 3443 257 3500 Dum
281 3459 359 3516 papa
380 3442 448 3499 Pius
471 3440 584 3498 nomine
794 3440 892 3512 Virgo,
916 3444 944 3497 et
967 3437 1044 3497 laeta
1065 3446 1219 3511 martyrem

179 3528 249 3586 Tuis
270 3528 347 3586 subit
370 3525 523 3586 liminibus.
794 3525 948 3585 Excellaut
969 3541 1044 3583 nuno
1066 3526 1227 3598 praeconia.

128 3651 157 3709 3.
182 3648 292 3720 Gaude,
314 3647 390 3720 quod
413 3647 481 3705 trini
503 3647 634 3705 cardines
742 3650 771 3708 6.
794 3648 859 3719 biju,
883 3661 951 3717 ergo
974 3644 1148 3717 dulcissima,

179 3734 248 3792 Tuis
271 3732 413 3806 refulgent
436 3732 537 3806 titulis,
793 3731 985 3803 lllajorieense
1007 3730 1148 3802 bravium,

179 3820 249 3878 lade
272 3825 426 3892 precantur
449 3818 586 3894 homines,
794 3819 832 3878 Ut
856 3817 951 3875 deleat
971 3817 1148 3890 peccamina,

177 3907 294 3965 Coriolis
316 3903 435 3963 subveni
458 3904 595 3977 parvulis.
791 3902 894 3960 Funde
916 3917 1024 3978 preces,
1047 3917 1098 3959 rex
1121 3901 1271 3975 virgiuum.

483 4025 511 4084 7.
535 4024 623 4083 Triuo
645 4023 728 4082 simul
751 4029 780 4081 et
802 4021 934 4095 simplici,

535 4111 591 4169 Per
612 4126 695 4181 quem
718 4108 857 4169 Praxedis
880 4107 965 4165 hodie

534 4198 644 4256 Vernat.
665 4195 750 4254 laude
771 4192 932 4268 multiplici,

533 4282 634 4340 Honor
655 4283 693 4339 sit
714 4287 743 4338 et
764 4282 826 4340 laus
848 4279 964 4353 gloriae.

193 4400 269 4449 Brev.
287 4400 461 4464 Majorioouse
480 4402 541 4464 imp.
560 4401 680 4451 Vsuotiis
703 4396 775 4451 1506.
