2918 4868
611 260 843 324 -105-

151 445 179 502 2.
203 440 353 514 Templum
376 445 408 498 tu
430 438 505 512 regis
529 436 647 512 gloriae,

241 526 369 598 Gabriel,
392 539 506 597 sempor
527 537 640 598 purum,

204 616 312 674 Contra
332 626 419 671 ausus
440 606 602 667 discordiae

246 699 303 757 Pro
324 695 406 756 nobis
428 699 457 753 te
480 694 518 753 da
538 709 658 751 murum.

153 805 182 864 3.
206 799 397 875 Archangele,
420 814 476 871 quo
498 795 623 872 trinitus,

247 885 374 956 Gabriel,
396 882 568 954 declaratur,

205 974 294 1050 Roga,
318 969 394 1045 quod
416 986 467 1028 suu
488 968 583 1043 pietas

248 1058 347 1118 Nostri
369 1056 549 1114 misereatur.

151 1166 181 1224 4.
203 1162 263 1221 Nos
286 1161 368 1219 decet
390 1157 458 1218 totis
480 1156 590 1215 nisibus

249 1245 413 1305 Gabrielem
435 1243 564 1314 laudare,

207 1334 247 1395 Ut
269 1332 351 1391 nobis
373 1331 432 1390 suis
453 1328 588 1402 precibus

249 1418 328 1478 Velit
349 1418 441 1477 Deum
464 1415 590 1488 placare.

154 1526 182 1587 5.
204 1523 257 1594 Tu,
281 1520 410 1599 Gabriel,
430 1535 449 1579 a
469 1518 566 1592 gladio

249 1606 309 1666 Nos
332 1621 416 1667 serra
437 1603 596 1678 proditoris

207 1693 246 1752 Et
267 1690 323 1765 lac,
343 1699 374 1751 ut
397 1697 492 1750 tecum
514 1688 619 1764 gaudio

250 1778 391 1838 Fruamur
413 1775 574 1836 salvatoris.

310 1948 350 1999 Ad
368 1946 535 1998 Benedictus.

145 2057 180 2117 A.
204 2055 228 2114 Ο
250 2069 334 2128 quum
356 2052 462 2127 gaudet
484 2048 608 2108 feliciter

209 2138 327 2198 Gabriel
350 2144 380 2196 ct
396 2135 567 2214 sublimiter,

251 2226 322 2286 (lum
343 2224 424 2283 videt
445 2222 586 2282 multatm

206 2311 330 2370 Mariam
352 2315 472 2369 matrem
494 2306 634 2382 virginem

205 2396 245 2454 Et
266 2395 359 2455 Deum
381 2393 487 2454 fuctum
510 2393 653 2452 homiuem

249 2482 342 2555 Supra
365 2486 482 2540 cunctos
503 2479 639 2556 salvatos,

207 2568 326 2627 Exstitit
349 2583 468 2641 quorum
490 2565 615 2637 nuntius,

207 2653 361 2727 Compleus
383 2652 533 2712 commuue
554 2649 684 2725 plonius,

251 2740 305 2799 His
327 2756 379 2799 nos
398 2737 503 2797 reddat
524 2735 623 2796 beatus

251 2825 291 2884 Et
311 2825 341 2884 iu
363 2839 436 2900 pecc
457 2821 601 2882 fundatos.

189 3049 245 3109 Ad
267 3051 389 3110 Horae
411 3044 665 3120 Antiphouae.

340 3165 381 3217 Ad
398 3165 522 3216 Prirnsru.

213 3273 236 3331 0
259 3278 390 3330 creatura
410 3269 533 3340 stabile

256 3356 310 3429 Qui
332 3371 474 3428 uunquam
497 3351 653 3426 deliquisti,

215 3441 332 3503 Gabriel
352 3440 541 3512 admirabilis,

255 3528 315 3587 Noe
337 3527 443 3586 mundo
464 3541 548 3586 sorra
570 3522 657 3582 tristi.

339 3698 379 3749 Ad
399 3698 524 3748 Tertiam.

217 3806 240 3866 0
264 3803 392 3876 Gabriel,
415 3802 519 3862 eximie

259 3891 371 3951 Mariae
392 3890 548 3960 uuutiutor,

217 3977 251 4036 Iu
272 3977 327 4037 huo
350 3976 425 4037 ualle
446 3973 579 4033 miseriae

262 4063 307 4124 sis
329 4062 410 4122 uobis
433 4059 605 4122 consolator.

942 428 983 479 Ad
1001 427 1116 479 Sextum.

816 532 959 594 infestant
980 550 1032 593 uos
1054 530 1169 591 hostilia

859 619 978 679 Gabriel
1000 618 1077 677 bella
1099 616 1227 690 multum,

817 703 949 766 Defende
970 720 1022 763 uos
1045 718 1080 761 es
1101 701 1196 775 gratia

858 791 899 850 Et
920 791 977 850 duo
997 788 1036 849 ad
1055 787 1111 847 Dei
1133 785 1251 848 vultum.

949 958 991 1010 Ad
1008 959 1120 1010 Nouum.

818 1065 842 1124 Ο
864 1081 948 1139 quum
969 1066 1013 1122 est
1034 1060 1214 1120 beatissimus

861 1148 989 1221 Gabriel,
1012 1147 1148 1222 princeps
1170 1160 1297 1218 magnus,

815 1237 904 1308 Quem
922 1235 1014 1309 pascit
1036 1232 1220 1292 suavissimus

861 1323 896 1381 Iu
918 1320 998 1381 coelo
1019 1318 1075 1378 Dei
1096 1334 1196 1392 agnus.

883 1580 924 1639 Iu
947 1581 976 1638 2.
1000 1574 1192 1648 vesperis.

756 1716 792 1780 R.
815 1716 994 1777 Festivemus

858 1816 933 1861 nunc
956 1800 1031 1859 diem
1053 1797 1160 1874 gaudii,

819 1888 882 1961 Qua
903 1885 1022 1947 Gabriel

865 1973 939 2033 dixit
960 1970 998 2031 ad
1021 1969 1176 2045 virginem:

820 2061 917 2119 Mater
937 2056 988 2116 fiee

867 2143 984 2204 Domini
1005 2140 1058 2201 filii

822 2231 862 2290 Et
883 2229 979 2304 pariae

865 2317 957 2376 Deum
979 2318 1009 2372 et
1029 2311 1182 2384 homiuem,

822 2401 939 2462 Nullam
960 2398 1085 2474 perdens

865 2485 1117 2562 integritudiuem3

759 2576 795 2642 V.
820 2574 891 2648 Ejus
913 2587 1015 2633 nomeu

865 2660 949 2720 Jeeus
971 2653 1129 2732 vocabitur,

824 2746 895 2819 Ejus
917 2759 1031 2818 semper

864 2846 982 2906 reguum
1003 2824 1175 2897 firmabitur,

823 2914 907 2976 Plebi
930 2914 1011 2974 dabit

869 3000 1085 3062 beudtudiuom.

927 3170 968 3222 Ad
985 3165 1146 3235 Muguiflest.

761 3279 799 3340 A.
822 3278 846 3338 0
869 3276 961 3336 dulcis
983 3278 1125 3344 creatura,

868 3361 996 3438 Gabriel,
1016 3364 1046 3417 te
1066 3361 1185 3418 ornatur

827 3447 972 3521 Perdisus,
994 3446 1045 3505 lux
1066 3459 1149 3518 pura,

869 3534 909 3593 Et
929 3534 959 3592 iu
981 3537 1011 3591 te
1033 3529 1174 3605 gloriatur

827 3620 959 3681 Salvator
980 3618 1153 3688 incarnatus,

872 3705 961 3779 Quem
982 3709 1014 3762 tu
1037 3697 1220 3772 denuntiasti,

831 3791 966 3865 (loclique
986 3792 1150 3863 potentatus

872 3876 912 3936 Et
934 3891 1019 3949 quam
1040 3878 1072 3932 tu
1093 3869 1225 3931 adulanti

874 3962 962 4037 Virgo
983 3966 1012 4019 ct
1033 3954 1213 4027 informasti3

873 4050 933 4109 Fac
951 4047 1107 4122 jungamur
1126 4042 1172 4101 hia
1191 4038 1272 4099 casti.

225 4185 299 4233 Brev.
325 4197 372 4231 ma.
392 4180 588 4230 Barcinonense
605 4189 674 4225 saec.
695 4169 735 4222 15.
765 4169 828 4222 uod.
847 4167 933 4232 Cupie
953 4167 1046 4216 Vicon.
1065 4162 1136 4214 clx.
1154 4160 1184 4211 A.
1203 4183 1236 4194 —
1255 4157 1331 4206 Brer.

155 4253 351 4302 Tarraconense
373 4252 436 4314 imp.
455 4249 619 4298 Barcinousc
648 4237 722 4292 1484.
741 4239 772 4290 Β.
789 4265 822 4275 -
841 4239 918 4288 Brev.
936 4234 1112 4300 Majoricense
1132 4231 1194 4294 imp.
1212 4224 1332 4276 venetiis

160 4318 234 4371 1506.
253 4320 281 4371 C.
309 4348 339 4353 —
358 4321 436 4368 Brev.
457 4315 615 4366 Coleonense
640 4313 703 4376 imp.
722 4308 949 4372 Caesaraugustae
968 4299 1041 4353 1514.
1061 4303 1092 4351 D.
1111 4328 1144 4336 -
1163 4297 1239 4347 Brev.
1257 4293 1330 4344 Iller-

157 4391 236 4442 dense
255 4390 317 4453 irup.
335 4402 375 4437 ca.
396 4382 469 4437 1533.
488 4383 519 4435 Ε.
538 4411 571 4419 -
589 4384 665 4433 Brev.
684 4379 881 4430 Barcinoneuse
901 4375 963 4438 imp.
981 4371 1147 4421 Barcinuuse
1166 4360 1240 4415 1540.
1259 4363 1331 4412 F.-
