2918 4868
606 278 835 343 -127-

435 447 489 505 197.
524 447 563 504 lle
582 462 618 503 ss.
640 446 766 504 Facundo
784 450 812 503 ct
833 444 989 504 Primitivo.

604 568 647 621 Ad
665 568 836 623 Nocturnum.

131 695 159 752 1.
184 691 287 764 Surgat
309 692 401 749 omnis
423 693 460 750 ad
484 692 643 751 canendum
746 697 775 756 4.
800 693 865 751 Non
888 710 974 767 rogus
996 693 1116 752 nocebat
1140 693 1199 750 illis

226 778 393 835 clericorum
418 779 525 848 concio,
842 795 894 836 nec
916 780 1021 837 olivum
1046 777 1199 850 fervidum,

184 862 273 922 Gesta
295 868 394 921 narret
417 871 445 920 et
464 864 623 935 triumphos
799 864 950 937 lntepebat
972 865 1140 923 alterutrum

227 955 385 1025 martyrum
408 948 577 1026 laudabiles,
843 950 961 1023 lympha
983 956 1127 1023 tamquam
1149 948 1265 1025 frigida,

180 1036 252 1107 Quot
275 1032 389 1108 flagella
410 1035 599 1107 pertulerunt,
799 1035 864 1110 Fet,
888 1045 1007 1109 acetum,
1030 1037 1094 1094 calx
1117 1035 1252 1092 inardens

225 1121 374 1191 torsiones,
399 1119 522 1182 vincula.
822 1122 927 1179 ·dulce
949 1128 1047 1179 nectar
1069 1120 1210 1194 praebuit.

128 1227 157 1284 2.
181 1221 346 1282 0116666166
367 1223 404 1281 ad
428 1222 554 1280 tribunal
749 1230 775 1282 5.
800 1221 980 1281 auferuntur
1001 1240 1019 1282 a
1040 1224 1173 1296 malignis

227 1308 370 1380 praesidis
392 1309 549 1365 saevissimi
843 1311 1023 1367 innocentum
1047 1310 1163 1380 lumina,

183 1393 349 1452 Primitivus
372 1401 400 1450 et
422 1394 586 1470 Facundus,
801 1395 825 1452 T
828 1411 903 1468 erga,
934 1401 1038 1469 costae,
1062 1394 1198 1468 membra,
1223 1396 1309 1466 visus,

225 1479 342 1551 gloriosi
364 1479 479 1550 milites,
728 1483 731 1486 ’
844 1487 1002 1540 exuruntur
1020 1489 1142 1553 tergore,

184 1565 305 1625 Unicum
329 1564 421 1622 Deum
444 1563 567 1624 fatentes
799 1567 837 1624 Et
860 1566 959 1624 madet
981 1583 1081 1624 cruore
1103 1566 1188 1623 tellus

226 1666 288 1708 esse
310 1650 454 1711 Christum
474 1650 644 1723 principem.
842 1650 977 1709 etiluente
999 1669 1015 1710 a
1039 1667 1168 1725 corpore.

128 1755 158 1814 3.
181 1752 274 1812 Jussit
295 1752 360 1811 illos
382 1758 450 1810 tuuc
473 1752 510 1810 ad
534 1770 617 1811 auras
745 1758 774 1816 6.
799 1754 841 1813 Sit
867 1754 928 1812 Deo
952 1755 1026 1811 trino
1049 1759 1187 1827 potestas,

225 1838 329 1911 impius
352 1838 537 1915 suspendere,
839 1855 945 1912 perpes
966 1839 1015 1897 uni
1037 1839 1137 1913 gloria,

182 1924 308 1997 Torquet
329 1940 437 1997 ungues
460 1929 489 1981 et
509 1924 642 1997 lacertos,
796 1927 884 1997 Quem
907 1931 1027 2002 patrem,
1052 1933 1149 1982 natum
1166 1924 1308 1996 simulque

223 2026 315 2079 crura,
339 2026 451 2081 nervos,
475 2010 595 2082 pollices
840 2028 963 2084 pneuma
985 2016 1114 2069 sanctum
1137 2010 1273 2083 percolis,

182 2095 221 2154 Et
244 2096 383 2152 medullas
405 2095 510 2152 ossium
797 2097 960 2169 Martyrum
983 2096 1085 2153 chorus
1106 2103 1244 2172 sacratus,

225 2181 357 2254 reprimit
379 2180 543 2241 crudeliter.
842 2182 1012 2241 candidatus
1034 2183 1180 2255 sanguiue.

200 2300 276 2348 Brev.
296 2298 424 2348 Aurienae
443 2300 505 2362 imp.
525 2299 703 2350 salmanticae
724 2297 796 2350 1501.

443 2472 498 2530 1118.
535 2472 573 2530 lle
593 2490 630 2531 66.
648 2473 775 2531 lacunela
795 2476 824 2531 at
841 2472 996 2531 Primitivo.

634 2596 676 2649 Ad
694 2595 808 2650 Laudes.

381 2723 409 2782 1.
433 2719 581 2779 Laudibus
605 2722 741 2793 templum
763 2727 843 2777 sonet
864 2722 1014 2795 Auriensc,

435 2808 516 2878 Quod
538 2808 615 2865 Deus
639 2806 754 2863 summis
777 2806 886 2863 16661116
910 2807 1035 2879 decorat,

433 2892 570 2964 Quodque
594 2892 723 2952 Facundi
745 2909 828 2950 sacra
848 2893 991 2951 Primitiri

477 2977 604 3050 Corpora
627 2978 733 3037 condit.

381 3083 409 3140 2.
434 3080 504 3137 Post
526 3097 613 3153 genus
636 3096 745 3152 poenae
765 3083 873 3138 varium
896 3080 1041 3137 nudantur

433 3165 558 3238 Tergore
580 3166 705 3223 athletac
728 3173 757 3222 ct
776 3167 944 3240 jugulantur
965 3165 1042 3234 almi,

434 3251 529 3308 Morte
549 3252 595 3324 qui
619 3253 706 3310 vitam
730 3253 846 3324 capiunt
867 3265 1020 3323 perennem

478 3336 604 3394 Aethere
627 3337 714 3398 clarc.

384 3442 413 3500 3.
438 3439 513 3496 Ecce
536 3439 649 3513 gavisus
672 3440 774 3498 animis
797 3438 888 3496 beatis

434 3524 523 3582 Totus
545 3526 671 3582 occurrit
693 3525 795 3582 chorus
818 3525 992 3602 angelorum,

435 3609 596 3682 Martymm
619 3618 717 3668 coetus
739 3611 891 3683 superique
913 3611 1008 3669 cuncti

479 3696 596 3755 Cantica
619 3696 755 3769 psallunt.

384 3801 412 3857 4.
436 3799 459 3858 Ο
483 3799 537 3857 viri
560 3800 662 3874 sancti,
685 3800 786 3856 merito
810 3799 939 3870 canendi,

436 3885 534 3957 Regna
555 3901 626 3957 quos
649 3886 720 3942 coeli
744 3885 867 3941 retinent
890 3900 1013 3961 securos,

439 3970 494 4027 Vos
516 3986 616 4042 preces
638 3970 753 4031 christo
773 3971 881 4043 jugiter
902 3987 956 4042 pro
979 3970 1061 4029 nobis

479 4054 604 4113 Fundite
629 4062 747 4114 vestras.

385 4163 412 4217 5.
437 4158 478 4217 Ut
499 4157 584 4215 iidem
607 4163 735 4215 sanctam
758 4156 849 4213 solide
871 4161 1000 4215 tenentes
1048 4155 1050 4158 ’

438 4243 497 4301 Nos
519 4244 580 4301 Deo
602 4259 715 4314 semper
738 4239 907 4299 famulemur
929 4259 1025 4301 omnes

438 4332 534 4402 Atque
555 4334 620 4401 6661
642 4333 761 4385 mortem
784 4343 943 4385 mereamur
964 4337 1071 4387 astrum

482 4413 628 4474 Scandere
648 4415 679 4472 in
701 4413 799 4473 altum.
