2918 4868
633 257 864 321 -211-

530 475 588 531 too.
622 474 660 532 lla
678 477 778 533 sancta
799 475 972 548 Margarota.

643 612 687 667 Ad
704 594 844 682 vesperas.

161 757 188 815 1.
215 754 246 812 ln
270 755 383 813 excelso
403 755 475 813 coeli
497 755 601 812 throno
775 756 804 815 3.
829 757 885 814 Per
907 753 1083 828 praefectum
1107 756 1311 828 comprehensa

257 841 362 914 Fulget
383 841 487 898 chorus
506 841 657 914 virginum,
871 842 1034 913 Acceptare
1056 841 1147 900 noluit

211 924 251 983 Et
272 926 301 983 in
322 926 409 983 terris
432 926 519 983 corde
541 942 632 998 prono
827 926 957 999 Munera,
982 927 1050 984 licet
1070 926 1217 999 immensa,

254 1011 316 1069 Vox
338 1011 462 1069 exsultat
490 1011 642 1087 hominum,
870 1011 931 1070 Nec
952 1027 984 1070 se
1005 1011 1067 1085 pati
1089 1012 1189 1082 doluit,

211 1097 388 1170 Margaritae
412 1096 488 1154 dulci
510 1097 585 1154 dono
827 1099 896 1170 Igne
917 1113 982 1155 nam
1006 1097 1078 1156 coeli
1099 1114 1238 1156 succensa

254 1181 425 1240 Scandentis
447 1181 485 1240 ad
508 1181 670 1241 Dominum.
858 1181 1002 1241 Christum
1025 1199 1139 1256 semper
1161 1183 1257 1245 coluit.

158 1307 187 1364 2.
212 1304 245 1361 ln
268 1307 363 1359 aetate
385 1301 508 1373 puellari
773 1305 802 1365 4.
826 1301 918 1360 Nobis
940 1319 1008 1376 ergo
1030 1318 1116 1375 prece
1139 1303 1187 1376 pia

254 1387 361 1446 Christi
384 1387 465 1460 virgo
488 1385 596 1462 dedita,
869 1388 901 1445 ln
925 1389 978 1447 hac
1000 1389 1060 1448 vita
1082 1388 1224 1447 stantibus

211 1472 312 1545 Coepit
334 1472 414 1545 virgo
437 1472 579 1544 meditari,
825 1474 869 1533 Sit
890 1474 1017 1547 lucerna,
1042 1472 1101 1532 dux
1123 1479 1153 1532 et
1174 1473 1221 1533 via

251 1558 333 1629 Quod
357 1558 467 1617 talenta
489 1558 596 1616 tradita
867 1559 983 1617 Miseria
1006 1559 1169 1619 errantibus

210 1642 332 1702 Possent
352 1643 381 1701 in
405 1658 436 1701 se
460 1643 602 1716 duplicari
825 1644 862 1703 itt
886 1661 950 1701 cnm
973 1645 1084 1719 virgine
1106 1644 1201 1704 Maria

254 1729 331 1787 Luce
353 1745 462 1787 morum
484 1728 626 1802 praedita.
858 1730 998 1789 Occurrat
1019 1730 1219 1805 migrantibus.

514 1855 542 1911 5.
567 1849 680 1908 Laudes
702 1848 801 1908 demus
823 1848 1008 1922 redemptori,

607 1936 696 2006 Quem
718 1940 801 2008 pater
821 1933 981 2007 pmgenuit,

564 2019 687 2078 Flamini
710 2025 740 2079 et
761 2020 894 2092 creatori,

606 2107 664 2166 Per
685 2122 755 2179 quos
778 2105 858 2180 virgo
880 2105 972 2162 tenuit

564 2191 724 2264 Margarita
744 2189 831 2249 fidem
845 2190 939 2261 thori,

608 2277 748 2336 Mundum
771 2292 882 2350 qnoque
904 2276 1007 2338 renuit.

223 2414 298 2462 Brev.
322 2429 369 2462 mn.
389 2412 532 2463 Illardensa
554 2428 622 2462 saac-
648 2409 687 2463 14.
705 2411 769 2464 Cod.
788 2412 875 2477 Capit.
890 2411 1011 2462 illerden.
1033 2407 1072 2460 12.
1090 2410 1122 2460 Α.
1141 2439 1173 2445 -
1193 2410 1267 2459 Brev.
1287 2427 1334 2458 ms.

154 2482 296 2531 Illerdauae
320 2483 381 2530 antri
407 2477 479 2531 1451.
499 2480 561 2530 Cod.
580 2481 666 2545 Capit.
686 2480 807 2531 lllerden.
832 2496 852 2529 n.
871 2497 896 2530 n.
917 2482 945 2530 B.
962 2505 998 2516 -
1015 2481 1090 2530 Brov.
1111 2478 1256 2529 lllardanse
1272 2480 1333 2542 imp.

154 2549 267 2600 Illerdae
286 2545 359 2600 1479.
378 2551 407 2601 C.
426 2579 459 2588 —
479 2551 553 2600 Brev.
573 2549 715 2600 lllerdenae
734 2551 795 2614 imp.
815 2565 854 2599 oa.
875 2545 949 2599 1533.
968 2549 1001 2598 D.

528 2816 585 2874 tot.
621 2817 659 2874 lio
677 2816 776 2873 sauata
794 2815 964 2889 llargarata.

623 2954 666 3008 Ad
685 2954 855 3010 Nocturnum.

156 3100 182 3160 l.
206 3099 239 3158 ln
262 3099 317 3157 Dei
339 3099 426 3157 laude
448 3097 588 3156 canticum
767 3099 796 3160 4.
822 3097 879 3156 Sed
902 3097 938 3155 ab
961 3097 1025 3169 ipsa
1047 3096 1193 3168 respuitur

207 3184 247 3243 Et
268 3183 443 3257 Margaritae
466 3183 583 3256 virginis
821 3183 907 3241 Velut
931 3180 995 3241 inex
1017 3181 1225 3255 putridissime,

207 3271 369 3341 Cantemus,
392 3269 469 3342 qnod
491 3269 529 3326 sit
551 3268 707 3341 praemium
820 3268 882 3326 Nec
901 3267 937 3326 ab
960 3283 993 3326 en
1016 3266 1180 3338 dimittitur,

206 3356 351 3426 Nostrum,
374 3371 443 3427 pars
466 3354 653 3418 celsitudinis.
819 3353 892 3427 Quin
913 3353 1046 3411 laedatur
1065 3352 1232 3425 justissima.

153 3479 182 3536 2.
206 3475 375 3549 Margarita,
397 3481 430 3532 ut
453 3474 567 3545 dicitur,
767 3473 796 3535 5.
820 3473 954 3532 Latronis
974 3488 1053 3531 more
1076 3472 1190 3531 ducitur

206 3561 281 3620 oves
303 3560 441 3634 pascebat
464 3559 577 3618 humilis
819 3560 868 3619 Ad
891 3557 1068 3617 caedendum
1090 3555 1244 3630 purissima

205 3646 266 3704 Nec
287 3663 425 3720 arrogans
448 3645 602 3722 agreditur,
819 3645 859 3705 Et
880 3662 898 3703 a
920 3644 1044 3703 dracoue
1066 3643 1182 3719 bibitur,

208 3732 277 3790 Cum
300 3733 335 3789 sit
360 3740 479 3804 parente
501 3730 614 3792 nobilis.
822 3732 909 3803 Quem
931 3737 1015 3789 necat
1037 3729 1269 3803 prudentissima.

153 3854 181 3912 3.
205 3856 231 3911 A
255 3852 400 3926 praelecto
424 3852 561 3928 diligitur,
768 3854 798 3912 6.
822 3852 950 3922 Praesta,
973 3856 1057 3923 pater
1078 3848 1206 3922 piissime

203 3940 291 4009 Quem
315 3938 410 3996 renuit
431 3937 611 3996 sanctissima
820 3936 956 4008 Patrique
979 3935 1208 4010 comparamus,

209 4024 248 4082 Et
269 4030 337 4082 tunc
358 4023 413 4083 sibi
435 4022 613 4097 promittitur
821 4022 892 4080 Cum
915 4021 1019 4093 spiritu
1042 4020 1183 4094 paraclito

206 4110 329 4182 Largior
351 4110 411 4186 dos,
434 4108 603 4182 largissimo.
821 4107 955 4180 Regnans
978 4123 1030 4180 per
1051 4122 1134 4165 omne
1157 4106 1310 4166 saeculum.

219 4246 294 4294 Brev.
319 4260 367 4294 ms.
387 4245 530 4294 lllerdeuno
553 4259 622 4293 saec.
643 4240 681 4293 14.
700 4242 762 4292 Cod.
781 4243 866 4306 Capit.
885 4242 1006 4292 illerden.
1028 4240 1066 4292 12.
1087 4242 1117 4290 Α.
1137 4266 1169 4275 -
1188 4242 1264 4290 Brev.
1283 4258 1330 4291 ms.

154 4312 297 4363 Illerdensa
320 4314 383 4362 anui
405 4310 477 4363 1451.
496 4312 559 4363 cod.
579 4314 664 4377 Capit.
683 4311 803 4362 illerden.
826 4326 846 4359 o.
871 4326 896 4359 n.
914 4312 944 4360 B.
965 4340 996 4346 -
1014 4313 1089 4361 Brev.
1108 4310 1250 4360 lllordcuse
1269 4311 1331 4375 imp.

151 4381 263 4432 Illardae
284 4379 357 4432 1479.
376 4383 404 4433 C.
427 4409 455 4415 -
475 4382 553 4431 Brev.
572 4381 715 4431 lllerdenae
733 4380 796 4444 imp.
814 4393 853 4429 ca.
874 4375 947 4430 1533.
966 4381 999 4429 D.

1125 4461 1175 4514 14*
