2918 4868
638 269 869 335 -186-

170 447 219 506 17.
244 443 361 503 VIolare
383 459 440 501 non
462 444 557 516 potuit
784 447 834 504 21.
858 444 922 502 Nou
942 444 1043 520 solum,
1067 444 1114 516 qui
1130 449 1197 501 sunt
1211 438 1348 516 proximi,

243 529 343 601 Terra,
367 544 439 602 quae
460 534 590 588 sanetum
613 531 713 595 tenuit,
858 530 916 590 Sed
939 530 1037 603 plures
1059 529 1143 603 longe
1164 528 1261 602 positi.

172 667 222 727 18.
245 664 304 724 Sub
327 680 361 724 ea
383 681 436 724 nae
459 668 632 739 computruit
784 668 834 728 22.
857 667 880 726 0
903 672 1003 725 sancte
1025 666 1070 725 vir
1091 666 1212 742 Isidore,

245 751 347 823 (Heba,
377 767 451 824 qaae
474 751 588 810 Christo
611 753 729 825 placuit.
857 754 914 813 Pro
935 752 1018 811 uobIs
1040 769 1140 810 manus
1162 752 1248 825 erige.

171 889 220 948 19.
245 888 303 946 Sed
326 888 438 961 integra
461 889 629 965 eompamit,
786 893 837 951 23.
861 889 902 947 Te
924 890 1048 962 petimus
1070 889 1273 964 pergratiam,

242 973 338 1032 Odore
360 974 433 1031 miro
456 974 570 1032 claruit.
860 974 952 1034 Nobis
975 982 1007 1034 ut
1029 982 1128 1048 captes
1151 975 1273 1033 veniam.

170 1114 220 1173 20.
246 1112 358 1169 Virtute
380 1111 435 1169 Dei
456 1107 556 1169 famuli
784 1114 834 1172 24.
858 1112 899 1171 Ut
920 1127 1057 1185 praesens
1079 1118 1144 1185 post
1166 1112 1296 1170 exsilium

241 1198 344 1257 Plures
365 1204 501 1255 curantur
523 1197 660 1270 languidi.
858 1197 965 1256 Tecum
988 1199 1076 1256 sImus
1098 1198 1129 1255 iu
1151 1197 1296 1271 gaudium.

238 1316 301 1365 vita
318 1331 366 1365 ms.
386 1314 413 1364 S.
432 1315 527 1365 Isidori
545 1321 613 1365 auct.
624 1315 747 1365 Johanne
760 1317 879 1366 Diacono
898 1331 966 1366 saec.
981 1313 1020 1367 13.
1039 1315 1102 1365 eod.
1115 1315 1200 1381 Currit.
1213 1316 1350 1365 Matriten.

169 1385 362 1516 &nimir-uod&
383 1380 395 1432 l
421 1383 575 1433 wiederholt
593 1384 648 1433 sich
667 1384 707 1434 ala
726 1384 869 1435 Rundreim
887 1385 955 1435 naeh
971 1385 1046 1448 jeder
1063 1384 1211 1449 folgenden.
1288 1381 1312 1441 8,
1335 1380 1347 1433 l

479 1634 541 1691 320.
576 1634 615 1692 Ile
632 1637 730 1692 saneto
749 1632 857 1693 Isidoro
875 1632 1045 1692 llatritensi.

676 1774 796 1844 Hymnus
814 1775 839 1828 6.

459 1915 506 1974 R0.
530 1915 608 1988 Ergo
630 1915 722 1974 sancti
744 1917 909 1988 praeseutia

528 2001 668 2059 Praesens
690 2001 797 2074 psallat
819 2002 951 2067 ecelesia.

175 2140 203 2197 1.
226 2138 301 2197 Vota
321 2147 433 2211 promat
456 2139 560 2198 herilia
785 2144 814 2200 5.
838 2140 996 2199 Comitatus
1023 2139 1060 2198 ab
1082 2139 1193 2213 angelis

224 2224 389 2283 consistens
412 2224 482 2282 oleri
505 2225 613 2295 concio,
838 2224 903 2284 Sais
927 2231 989 2284 erat-
1011 2224 1156 2298 operibus,

224 2308 318 2382 Digna
339 2311 453 2370 solvens
476 2310 612 2383 obsequia
838 2310 960 2369 Summis
982 2311 1101 2383 placens
1124 2310 1271 2368 coelicolis

224 2393 331 2454 Sancto
358 2396 420 2453 viro
442 2395 564 2456 Isidoro.
838 2398 872 2455 ln
895 2397 980 2454 terris
1003 2402 1031 2453 et
1053 2395 1224 2456 hominibus.

173 2536 203 2592 2.
226 2532 279 2593 Vir
301 2538 416 2590 sanetus
438 2532 491 2591 sub
515 2532 640 2590 diluculo
785 2534 815 2592 6.
839 2532 988 2590 Servatum
1011 2550 1028 2590 a
1050 2529 1243 2590 confratribus

226 2618 282 2676 Per
303 2623 409 2676 stratas
431 2634 554 2692 pergens
577 2617 681 2690 regias,
838 2617 932 2677 Breve
953 2618 1130 2690 pulmentum
1153 2617 1268 2676 vasculo

224 2703 311 2761 Nullo
333 2701 421 2761 fultus
443 2703 574 2762 rehieulo
838 2703 899 2763 Sibi
922 2703 1018 2776 egenis
1040 2702 1173 2776 pluribus

226 2789 331 2847 Omnes
356 2789 417 2846 adit
440 2788 585 2850 ecelesias.
841 2788 1072 2848 Praeabundavit
1095 2786 1212 2848 fereula.

173 2928 202 2986 3.
225 2925 313 2983 Nullo
335 2922 444 2983 fractus
465 2924 630 2998 graramIne
789 2927 816 2986 7.
841 2925 1019 2998 Temporalis
1041 2925 1168 2999 agrioola

227 3010 336 3069 Reddit
358 3011 395 3069 ad
418 3010 596 3079 labendum,
838 3011 924 3070 Stetit
945 3011 1069 3069 Invictus
1091 3011 1194 3082 stadie,

227 3098 341 3156 Summo
364 3094 439 3154 freto
460 3096 598 3154 solamine
838 3096 923 3156 Unde
945 3092 1015 3155 felix
1038 3095 1175 3154 ooelieofa

226 3181 322 3240 Labor
346 3188 389 3240 est
410 3181 448 3240 ed
470 3182 611 3244 solatium.
840 3181 924 3240 Nune
945 3189 990 3240 est
1012 3182 1085 3240 coeli
1107 3180 1225 3255 palatio.

172 3322 200 3378 4.
226 3319 366 3378 Constans
388 3319 503 3377 virtutis
525 3318 617 3392 gratia
786 3322 816 3382 8.
839 3318 938 3376 Terris
965 3314 1056 3391 fulget
1077 3317 1240 3391 praesidiis,

226 3405 289 3463 Hoc
310 3404 445 3478 explebat
466 3404 603 3477 qnotidie,
838 3403 928 3462 Donis
951 3403 1059 3461 ditatus
1081 3399 1197 3479 gratiae

227 3490 308 3550 lieet-i
331 3491 426 3548 cordis
448 3489 559 3548 laetitIa
840 3489 984 3548 Medelam
1011 3493 1140 3562 praestat
1161 3488 1305 3561 languidis

227 3576 313 3633 Pellit
334 3592 406 3634 onus
428 3575 573 3636 tristitiae.
838 3574 1004 3648 Terrigenis
1023 3575 1190 3648 Hispaniae.

477 3680 506 3737 9.
530 3678 679 3751 Completa
698 3679 813 3751 jamque
835 3677 963 3735 cernitur

531 3763 688 3822 Salvatoris
710 3763 861 3834 sententia,

532 3848 589 3908 Sua
610 3864 683 3923 quee
704 3849 764 3908 lata
786 3849 913 3907 noscitur

533 3934 631 3993 ServIs
653 3934 736 3993 bonis
758 3933 895 4006 potentia.

241 4054 305 4104 Vita
323 4069 370 4102 ms.
389 4053 416 4104 S.
428 4052 525 4103 Isidori
543 4058 612 4103 aaut.
625 4052 747 4103 Julianne
758 4051 878 4101 DIaeone
896 4065 965 4100 saee.
980 4047 1019 4101 13.
1037 4051 1101 4101 Cod.
1117 4052 1204 4118 Capit.
1215 4051 1350 4101 Matriten.

174 4138 194 4171 a.
213 4137 237 4170 n.
257 4148 289 4156 -
313 4118 342 4181 3,
366 4119 383 4172 3
408 4122 497 4172 fretus.
517 4151 548 4158 --
567 4119 595 4183 6,
618 4118 634 4170 2
658 4121 828 4184 plumentum.
848 4145 875 4154 -
903 4119 933 4167 Ρ.
954 4119 1029 4169 Fidel
1046 4122 1106 4170 Fita
1125 4120 1151 4170 S.
1168 4120 1204 4181 J.‚
1222 4119 1349 4170 Estudius

174 4191 322 4240 Histdrieos
341 4190 489 4253 V(Madrid
509 4186 583 4250 1886)
603 4187 650 4240 197
669 4189 722 4239 und
741 4185 789 4238 251
810 4204 849 4251 sq.
868 4186 945 4235 suefrt
961 4187 1051 4238 diesen
1071 4195 1145 4238 sanast
1162 4188 1350 4238 irrrbekauntsn

172 4258 310 4309 Johnnnes
334 4261 468 4309 DIaeouus
491 4275 523 4307 au
547 4256 737 4308 identifieitrren
762 4258 810 4306 mit
833 4256 891 4304 dem
917 4256 1108 4306 l'rurmiskuuer
1127 4260 1194 4322 Fray
1216 4257 1288 4306 Juan
1305 4257 1348 4307 (iil

173 4327 318 4387 (Iohannes
330 4328 432 4393 Egidii)
445 4327 477 4376 de
490 4328 608 4375 Zarnora.
638 4326 707 4376 Zwei
720 4325 827 4377 Grstude
840 4324 965 4373 erlauherr
979 4328 1028 4374 inlr
1040 4326 1113 4375 nieht
1125 4326 1210 4376 elieser
1223 4327 1350 4389 Meirmng

175 4413 206 4447 au
219 4399 289 4470 sein:
308 4397 354 4447 der
366 4399 432 4455 elne,
449 4394 508 4445 wolf
521 4395 564 4443 die
577 4394 760 4460 liezeielmuug
771 4392 908 4443 Johaunes
920 4394 1055 4443 Diaeorms
1067 4395 1142 4445 nieht
1153 4396 1231 4444 einen
1245 4394 1349 4455 Mdrrelr,
