2918 4868
590 255 822 320 -113—

115 432 146 490 3.
169 429 209 487 Η1
231 434 351 504 propter
372 430 427 489 Dei
449 429 538 488 hlium
729 436 758 494 5.
781 431 891 491 Horum
913 437 1076 490 sauctorum
1097 433 1212 492 uomina
1262 471 1264 477 -

166 514 206 573 Et
228 515 342 574 laudem
364 516 409 575 sui
431 516 554 575 nominis
782 517 897 591 Scripta
919 521 986 575 suut
1007 534 1093 591 super
1114 518 1240 591 aethera,

167 601 315 659 Venerunt
335 602 374 661 ud
391 602 561 677 martyrium
780 603 835 675 Qui
857 603 946 662 stolas
968 619 1034 661 suas
1057 604 1143 662 hodie

164 685 306 745 Iustiuetu
326 688 417 747 suncti
438 686 572 753 flaminis.
779 689 927 749 Laverunt
947 689 1014 762 egui
1036 690 1181 762 sanguine.

109 810 142 867 4.
167 807 348 879 Frequenter
368 807 426 865 suis
447 808 558 867 meritis
727 813 757 870 6.
780 808 859 867 Dent
880 808 962 867 nohis
984 824 1097 883 semper
1119 810 1216 868 vivere

166 893 282 954 Christo
301 891 420 965 jubente
443 894 562 953 coelitus
780 896 815 955 In
838 894 954 952 coelesti
977 894 1094 969 potatio,

163 977 209 1036 De
231 977 404 1052 Calagurrae
426 979 557 1038 terminis
785 981 860 1054 Quos
884 979 964 1038 dedit
986 978 1057 1038 felix
1080 996 1217 1053 prospere

164 1063 308 1137 Malignos
331 1062 430 1138 sugunt
453 1064 580 1138 spiritus.
780 1066 937 1140 Calagum
959 1064 1106 1139 martyrio.

445 1186 473 1246 7.
498 1184 638 1256 Christus,
661 1185 710 1258 qui
734 1186 784 1244 dut
805 1185 956 1258 imperium

496 1271 534 1329 Et
557 1270 606 1345 qui
628 1268 699 1329 facit
724 1270 871 1348 miracula,

496 1356 541 1415 Sit
562 1372 637 1414 nnnc
658 1357 735 1414 etin
757 1362 926 1429 perpetuum

496 1442 669 1501 Benedictus
689 1442 720 1500 in
743 1442 866 1500 saecule.

181 1560 256 1609 Brev.
281 1575 328 1609 110.
347 1561 579 1625 Calagurritanum
597 1576 664 1610 saec.
686 1557 725 1611 15.
749 1559 811 1610 Cod.
830 1560 1017 1610 Salmantieen.
1038 1555 1094 1609 186.
1111 1558 1142 1607 Α.
1162 1584 1192 1593 -
1212 1562 1289 1609 111ον.

111 1644 158 1677 ms.
171 1627 319 1679 Oxomeuse
337 1644 404 1679 eaeo.
426 1626 464 1678 15.
476 1628 539 1679 Cod.
552 1630 638 1694 Capit
651 1631 778 1680 Oxomen.
796 1644 817 1679 0.
835 1645 861 1678 1.
874 1629 904 1677 Β.
922 1653 955 1662 -
969 1629 1044 1679 Brev.
1060 1627 1288 1693 Calagurritauum

112 1701 140 1746 et
159 1696 324 1748 Celeiatense
347 1699 409 1763 imp.
433 1698 558 1748 Lucrouii
582 1693 656 1749 1543.
680 1697 708 1749 C.
732 1727 765 1735 -
788 1697 841 1748 Str.
863 1694 881 1748 4
903 1697 956 1748 und
978 1694 994 1746 5
1018 1696 1175 1762 umgostelit
1199 1695 1227 1747 C.
1256 1725 1289 1733 -

112 1760 444 1832 5,4sunguineagniB.

468 2020 522 2078 111.
558 2018 597 2078 De
615 2019 713 2077 saneto
732 2015 935 2090 Ermeugeudo.

558 2158 602 2213 Ad
619 2156 700 2226 Vesp.
719 2163 746 2212 et
762 2155 840 2210 Neet.

116 2298 143 2358 1.
165 2301 340 2358 Aeterua
362 2298 461 2355 coeli
484 2297 611 2371 gloria
726 2298 757 2356 4.
779 2295 933 2353 Hostem
949 2295 1287 2368 repellaslongiur,

165 2383 398 2457 Ermeugaudum
420 2381 571 2457 glorificat,
781 2380 888 2440 Christi
910 2377 1058 2439 001100οο1
1078 2379 1186 2450 inclite,

168 2468 251 2528 Vitae
275 2470 354 2541 cnjus
376 2468 500 2541 insignia
782 2467 950 2540 Donumquo
970 2466 1051 2539 paris
1072 2465 1181 2541 gratius

167 2555 277 2617 Chorus
299 2560 396 2613 noster
417 2553 589 2628 magnificat.
780 2551 839 2610 Des
860 2553 890 2611 iu
913 2553 967 2610 hoe
988 2551 1087 2610 mundi
1109 2551 1233 2614 tramite.

112 2679 142 2736 2.
166 2675 318 2735 Solatia
337 2676 412 2748 jam
434 2674 644 2749 gemitibus
728 2676 758 2733 5.
780 2672 973 2746 Exstingue
990 2670 1145 2732 flammas
1160 2671 1287 2744 litium,

166 2761 205 2820 Et
226 2761 310 2834 hujus
332 2761 408 2819 vitae
430 2761 534 2820 taediis
780 2758 878 2816 Fortis
900 2763 1047 2831 protestor
1067 2757 1187 2831 patriae,

167 2847 272 2906 Laetus
294 2847 399 2905 transit
421 2863 484 2905 eum
506 2845 640 2905 laudibus
781 2843 927 2916 Nobisqne
950 2841 996 2902 fae
1018 2844 1173 2917 propitium

168 2934 281 2992 Frueus
302 2937 466 2992 sauctorum
488 2932 609 3006 gaudiis.
781 2930 889 3003 Regem
911 2929 1042 2987 eoelestis
1063 2929 1180 3003 gloriae.

113 3055 143 3115 3.
168 3053 676 3127 vergentemundiuespere
728 3052 756 3111 6.
781 3049 839 3108 Sit
860 3049 945 3107 leus
967 3050 1072 3122 patri
1094 3054 1131 3107 et
1153 3047 1258 3129 filio,

167 3139 386 3212 Ermengaudus
406 3139 531 3216 emicuit,
781 3135 825 3194 Sit
847 3134 934 3193 deeus
956 3143 1055 3194 001010
1075 3133 1193 3210 flamini,

168 3226 256 3297 Quem
279 3224 321 3282 001
344 3230 423 3282 ortus
445 3225 474 3281 iu
494 3224 599 3295 sidere,
781 3221 837 3279 Per
858 3236 942 3294 quem
965 3221 1034 3279 vivit
1057 3220 1087 3278 11
1109 3220 1214 3294 gaudio

167 3310 309 3385 Christus,
330 3309 360 3367 iu
384 3310 447 3367 lure
469 3309 574 3382 posuit.
780 3308 861 3367 Iste
884 3304 1084 3365 001100001
1106 3305 1265 3366 Domini.

180 3429 257 3480 Brev.
282 3428 437 3493 Urgeilense
460 3431 522 3493 imp.
546 3429 666 3478 Venetiis
692 3423 765 3477 1487.
792 3427 823 3476 A.
848 3455 880 3462 -
904 3426 1022 3476 Proeess.
1046 3424 1201 3491 Urgelleuae
1225 3426 1287 3488 imp.

115 3493 188 3548 15⁸*.
207 3499 236 3548 rt
250 3525 286 3535 -
303 3500 379 3548 Brev.
398 3497 557 3548 Celsonense
575 3499 637 3559 imp.
656 3498 883 3560 Caesaraugustae
902 3491 975 3544 1514.
995 3493 1023 3544 C.
1043 3522 1075 3529 —
1096 3490 1287 3554 1,21111101-

111 3566 214 3631 gandus
232 3565 261 3616 C.
280 3592 312 3601 —-
331 3563 356 3625 2,
372 3563 390 3617 3
408 3567 505 3616 Brutum
523 3567 620 3616 transit
637 3565 665 3616 C.
682 3593 716 3602 —
733 3561 758 3627 4,
779 3561 791 3612 l
811 3561 941 3628 repellens
959 3561 988 3612 C.

467 3816 520 3873 trs.
556 3815 594 3872 he
614 3816 711 3873 arneto
728 3813 936 3889 Ermeuguudo.

612 3952 656 4008 Ad
674 3953 787 4008 Laudes

115 4097 143 4158 1.
167 4097 289 4170 Magnus
310 4096 419 4156 athleta
442 4097 562 4155 moritur
729 4100 758 4159 2.
781 4096 858 4157 Hine
878 4093 1095 4168 Ermeugnudus
1117 4093 1241 4163 transiit,

165 4182 199 4240 Iu
221 4183 317 4255 terris,
340 4182 389 4256 qni
412 4183 592 4256 oonjnugitnr
781 4181 931 4241 coelorum
955 4180 1080 4238 claustra
1101 4178 1198 4249 subiit,

167 4268 291 4326 Summis
313 4267 455 4327 eoelornm
478 4268 597 4339 civibus,
780 4269 845 4329 Jam
868 4267 998 4340 possidet
1019 4265 1048 4323 iu
1070 4265 1187 4322 aethere

165 4353 481 4412 Exsutteteoelnm
496 4353 674 4414 laudibus.
783 4357 942 4411 Aeterua
972 4350 1109 4409 Christi
1139 4363 1287 4406 munera.

166 4458 280 4510 1110101,
297 4459 417 4512 nymedi·
430 4457 536 4500 fflberies.
1119 4445 1136 4500 8
