2918 4868
252 460 293 518 Iu
319 460 345 521 1.
370 459 576 521 Nocturna

324 577 501 642 antiphonae.

141 682 167 740 1.
192 681 325 740 Sanctam
349 681 520 740 Leooadiam

237 766 397 838 Coronesti,
420 766 551 835 Domino,

193 854 339 912 Honorem
361 858 390 909 et
410 852 528 925 gloriam

239 937 336 995 Habet
356 954 410 1009 pro
433 937 596 998 certamino.

139 1060 168 1118 2.
191 1058 225 1116 In
249 1057 350 1113 timore
375 1055 490 1114 Domini

238 1141 400 1201 Permansit
421 1141 548 1215 immota,

190 1228 262 1299 Ejus
285 1233 383 1285 sancto
405 1228 512 1285 nomini

241 1312 377 1371 Reddens
400 1329 451 1370 sua
475 1319 548 1372 vota.

141 1437 169 1493 3.
194 1433 339 1506 Quaesivit
360 1432 431 1489 haec
454 1431 555 1492 taciem

236 1517 291 1575 Dei
315 1517 477 1589 diligenter,

193 1604 299 1675 Figens
322 1604 424 1660 mentis
446 1604 536 1660 aciem

237 1692 270 1748 ln
294 1705 357 1745 eum
379 1694 521 1760 potenter,

196 1777 256 1836 Cur
278 1775 427 1831 coelestem
452 1773 577 1846 requiem

238 1859 361 1918 Intravit
384 1860 550 1932 gaudenter,

320 2047 508 2111 Responsoria.

144 2170 171 2228 1.
197 2167 284 2225 Diras
305 2182 422 2240 praeses
445 2167 589 2225 Decianus

194 2253 242 2311 hd
264 2252 395 2310 Toletum
417 2252 532 2312 veniens

196 2337 297 2410 Ibique
319 2339 465 2410 reperiens

239 2423 371 2481 Sanctam
395 2423 576 2495 Leucadiam,

195 2509 284 2579 Quam
306 2516 337 2566 ut
360 2508 457 2567 iurene
480 2515 508 2566 et
530 2509 645 2566 insanus

239 2594 286 2653 nd
309 2612 389 2653 suam
411 2594 603 2668 praesentiam

196 2680 312 2738 Adduci
335 2680 492 2755 praecepit,

134 2766 168 2826 V.
195 2765 324 2838 Eamque
345 2766 508 2838 adspiciens

200 2850 238 2908 Et
260 2850 356 2909 verbis
379 2852 508 2909 alliciens

244 2936 371 2995 Suadere
395 2938 505 3010 coepit:

146 3059 175 3116 2.
199 3054 269 3112 Cum
291 3056 395 3113 nobilis
415 3057 554 3114 Toletana

242 3141 297 3213 Sis,
319 3150 352 3199 ut
374 3141 445 3199 bene
468 3142 569 3212 sentio,

199 3227 258 3286 Cur
279 3234 307 3283 te
330 3227 401 3285 levis
423 3234 508 3299 atque
529 3242 603 3283 vana

241 3312 331 3371 Fallit
353 3312 564 3387 circumventio,

197 3398 236 3458 Ut
259 3414 277 3455 a
300 3398 417 3455 deorum
439 3397 539 3455 insana

242 3482 348 3555 Fugias
370 3483 504 3553 serviti03

136 3568 170 3628 V.
198 3568 249 3626 Cui
273 3567 387 3628 Christo
409 3568 579 3626 servituram

199 3654 239 3712 Et
259 3660 400 3726 tamquam
426 3670 505 3711 saarn
528 3650 668 3710 facturam

245 3740 287 3799 Te
310 3738 449 3812 proferas,
472 3739 579 3800 neseio.

150 3859 179 3919 3.
202 3857 250 3915 Ad
274 3858 344 3917 haec
365 3858 445 3931 virgo
467 3864 566 3917 sancta
590 3857 678 3916 dixit:

200 3943 250 4002 Me
273 3949 321 4002 tue
343 3945 447 4018 suasio,

201 4027 360 4087 Verborum
381 4030 486 4099 illusio,

200 4112 321 4172 Generis
346 4115 485 4173 blanditie

200 4199 240 4257 Et
261 4216 334 4257 vena
356 4201 507 4273 promissio

201 4286 227 4343 Δ
251 4284 358 4344 Christi
380 4286 497 4344 servitio

241 4370 306 4429 Non
328 4378 446 4444 possunt
470 4369 634 4442 retrahere,

751 459 784 514 V.
813 457 956 514 Christum
979 457 1053 513 enim
1077 456 1149 514 bene
1169 456 1245 523 novi,

815 541 867 603 cui
889 558 933 598 me
956 548 1043 600 totam
1068 543 1179 612 devovi,

860 630 884 685 A
907 645 962 700 quo
984 633 1033 686 tua
1054 627 1143 685 verba
1165 643 1231 684 vere

860 712 923 770 Non
946 720 1064 784 possunt
1088 713 1243 775 retrahere.

872 919 909 977 In
934 919 962 977 2.
985 916 1191 977 Nocturna.

946 1035 1122 1100 antiphonae.

762 1144 788 1201 1.
813 1140 938 1198 Verbum
961 1140 1065 1198 bonurn
1089 1141 1230 1199 eructavit.

852 1226 958 1284 Sancta
980 1225 1034 1283 Dei
1058 1224 1174 1295 famula,

814 1313 909 1385 Opera
931 1328 983 1369 sua
1005 1312 1133 1369 narravit

855 1396 969 1456 Christo
993 1397 1052 1470 regi
1075 1396 1184 1456 sedula.

760 1502 787 1558 2.
812 1498 886 1556 Dum
908 1505 1054 1556 aeternum
1077 1499 1232 1571 praemium

855 1584 985 1642 Haecin
1009 1591 1103 1642 mente
1127 1583 1209 1661 gerit,

818 1669 934 1727 Domini
956 1667 1096 1742 refugium

855 1755 1052 1827 Virtutemque
1074 1755 1197 1828 quaerit.

760 1860 788 1917 3.
811 1857 934 1931 Magnus
957 1863 986 1915 et
1008 1857 1161 1917 laudabilis

856 1943 935 2001 Deus
956 1949 1055 2000 noster
1076 1943 1171 2012 nimis,

817 2028 866 2088 Sic
888 2034 931 2085 est
952 2026 1121 2086 favorabilis

859 2113 975 2174 Ultimis
997 2119 1030 2170 ut
1051 2113 1162 2186 primis.

940 2265 1128 2329 Responeoria.

763 2374 790 2431 1.
814 2371 894 2428 Tunc
916 2369 1005 2428 iratus
1028 2386 1144 2442 praeses
1168 2369 1248 2428 dirus

812 2454 982 2515 lnflammmi
1007 2455 1101 2514 cordis
1125 2456 1202 2513 virus

855 2541 965 2600 Effudit
989 2541 1144 2598 crudeliter

812 2627 852 2685 Et
874 2625 1030 2697 mandavit,
1052 2632 1085 2683 ut
1106 2625 1134 2683 in
1158 2626 1222 2683 irnis

815 2712 945 2771 Carceris
968 2709 1104 2783 profundi
1126 2711 1209 2768 nimis

857 2796 1036 2855 Truderctur
1057 2793 1180 2864 fortiter,

751 2884 785 2943 V.
813 2882 956 2955 Cogitem,
980 2881 1082 2954 quibus
1103 2882 1252 2939 tormentis

815 2969 886 3026 Eam
908 2969 938 3025 in
961 2973 1116 3040 conspecta
1138 2968 1231 3041 gentis

857 3051 1009 3125 affligeret
1029 3053 1145 3112 acriter.

762 3161 791 3218 2.
814 3155 861 3215 nd
884 3154 1022 3214 Elboram
1044 3156 1211 3227 properavit

814 3241 853 3301 Et
876 3241 1055 3298 Vincentium
1078 3240 1225 3299 mandavit

817 3326 888 3398 Capi
910 3341 944 3383 ac
966 3325 1058 3397 ipsum
1083 3327 1209 3397 portavit

860 3411 991 3483 Ligurum
1014 3411 1050 3468 ad
1075 3409 1208 3484 hbulam,

860 3495 918 3558 Ubi
942 3495 1048 3554 Christi
1072 3496 1198 3569 regulam

819 3582 892 3641 Suae
912 3597 1026 3639 sorores
1049 3580 1211 3652 servabant,

817 3668 890 3740 Quia
912 3667 1056 3726 Christum
1078 3667 1254 3742 adorabant;

754 3755 788 3814 V.
814 3753 876 3812 Has
897 3753 972 3810 enirn
996 3753 1067 3812 duas
1089 3769 1201 3812 sorores

819 3838 942 3912 Propter
963 3855 1029 3896 suos
1052 3844 1165 3897 sanctos
1186 3853 1280 3896 mores

860 3926 981 3984 Praesee
1004 3923 1053 3983 dat
1075 3923 1217 3997 supplicio

861 4011 930 4070 Cum
954 4008 1045 4069 fratre
1067 4009 1225 4070 Vincentio.

767 4115 796 4174 3,
817 4113 940 4171 Veniens
962 4111 1120 4170 Emeritam

862 4198 962 4257 Plures
984 4196 1149 4269 trucidavit,

819 4285 898 4342 Inter
919 4299 990 4355 quos
1008 4281 1151 4341 Eulaliam

862 4368 924 4428 Deo
946 4368 1133 4439 consecravit,
