2918 4868
650 225 860 291 ..42-

354 399 541 465 Responsoria.

182 524 210 584 1.
234 521 347 580 Scalam
371 520 450 580 videt

269 612 430 680 tangentem
452 621 572 678 superos

231 691 407 754 Scandentes
429 697 459 749 et

272 776 479 836 descendentes
500 776 617 850 angelos

231 863 323 921 Deum
346 863 447 939 cernit,

268 965 330 1007 cum
354 949 432 1007 levat
453 947 550 1006 oculos

310 1033 402 1095 Jacob
423 1033 564 1105 innoxios,

170 1121 205 1179 V.
234 1119 292 1180 Sed
315 1119 527 1192 constringente
549 1116 668 1177 brachio

234 1205 423 1265 Conluctatur
444 1220 506 1263 cum
529 1204 640 1277 angelo.

950 397 991 448 Ad
1009 397 1175 457 Benedictus.

783 524 819 580 A.
842 521 971 597 Praesul,
995 525 1099 594 custos,

885 611 963 665 tutor
984 607 1172 667 sanctissime.

842 691 952 751 Urbem
973 692 1058 751 islam

884 793 968 837 serva
990 779 1141 851 tutissime,

849 862 999 922 Inimicum

884 948 960 1021 pelle
982 946 1146 1022 fortissime,

847 1033 961 1092 Pestem
983 1039 1113 1096 cunctam

883 1135 954 1178 sana
976 1120 1112 1193 piissime.

178 1323 1303 1432 wmmfflfflammmm

270 1411 354 1469 Hanc
375 1408 474 1469 urbem
497 1409 697 1486 incolentibus,

233 1495 303 1554 Cum
326 1494 457 1568 angelum
476 1494 602 1553 statuisti

270 1579 488 1642 Praesidentem
510 1579 629 1652 civibus,

230 1667 333 1743 Imple,
356 1666 444 1738 Deus,
466 1665 543 1739 quod
566 1665 666 1726 dixisti

268 1751 424 1826 Indulgens
445 1751 654 1824 peccatoribus.

174 1840 210 1901 V.
232 1838 287 1912 Qui
309 1836 508 1896 siemundum
530 1836 666 1909 dilexisti,

276 1924 317 1984 Ut
337 1923 502 1982 traderetur
522 1921 609 1998 filius,

231 2010 267 2068 Et
292 2008 438 2067 custodem
461 2007 644 2066 transmisisti

270 2094 442 2153 Dedicatum
463 2093 641 2152 mortalibus

312 2302 351 2361 Iu
372 2298 578 2362 Laudibus.

360 2434 536 2498 Antiphcuac.

179 2558 207 2618 1.
231 2557 312 2631 Pugil
336 2561 433 2615 noster
453 2556 571 2629 augelus

269 2642 429 2700 Draconem
452 2640 618 2717 prostravit,

229 2729 439 2800 Concrepemus
459 2726 587 2799 vocibus,

268 2812 407 2871 Dominus
429 2812 568 2886 regnavit.

179 2935 207 2993 2.
231 2930 321 2992 Offert
342 2933 458 3005 praesul
480 2932 612 3009 bostiam,

270 3019 391 3090 Sperate
412 3017 442 3076 iu
465 3033 508 3090 co,

230 3102 277 3162 Ad
300 3103 392 3162 nostri
414 3103 582 3176 custodiam,

268 3187 396 3248 Jubilate
417 3188 488 3249 Deo.

179 3311 209 3372 8.
230 3310 273 3369 Ta
295 3309 332 3368 ad
355 3309 470 3368 laudem
492 3309 599 3368 excitat

269 3394 381 3468 Custos,
403 3410 439 3453 ne
461 3395 501 3453 sis
524 3411 599 3467 reus,

229 3480 335 3539 Tecum
358 3479 445 3538 corde
464 3479 583 3552 jubilat:

267 3568 356 3642 Deus,
378 3563 457 3623 Deus
475 3581 563 3627 meua.

178 3689 208 3747 4.
231 3687 300 3745 Alto
321 3700 427 3758 praeco
449 3685 592 3745 clamitat:

267 3771 317 3831 Ad
340 3770 448 3828 coelum
469 3770 636 3847 prospicite,
744 3792 746 3797 ·

232 3857 272 3914 Et
293 3872 349 3915 vox
372 3856 409 3915 de
432 3855 511 3914 coelo
533 3858 693 3929 promicat:

269 3941 332 4000 Deo
354 3939 523 4001 benedicite.

177 4068 207 4123 5.
231 4061 325 4120 Tonas
344 4061 372 4118 in
396 4061 582 4122 coelestibus:

270 4147 375 4206 Omnes
397 4153 560 4221 properate,

232 4233 334 4291 Custos
357 4239 455 4292 noster
475 4234 604 4311 angelus,

269 4318 420 4378 Dominum
441 4319 566 4380 laudate.

972 1493 1012 1543 Ad
1030 1493 1154 1544 Primam.

845 1614 924 1673 Audi
945 1631 1046 1688 preces
1068 1616 1207 1689 supplicis

885 1700 990 1774 Angeli
1012 1699 1098 1774 beuti,

846 1783 963 1862 Confer,
987 1785 1074 1864 Deus,
1097 1787 1229 1864 servulis,

883 1870 947 1929 Sint
968 1871 1151 1933 immaculati.

968 2056 1009 2108 dd
1026 2059 1152 2109 Tertiam.

844 2179 943 2252 Serva,
966 2179 1191 2253 pulcronium,

882 2265 973 2337 Regni
996 2264 1080 2336 hujus
1101 2281 1226 2339 gregem,

847 2351 901 2421 Qui
923 2365 977 2422 per
997 2357 1126 2410 sanctum
1149 2352 1281 2425 angelum

883 2436 973 2493 Tuam
996 2436 1101 2509 pandis
1124 2436 1225 2510 legem.

972 2622 1013 2672 ad
1032 2622 1147 2673 Sextum.

843 2743 935 2816 Fore,
957 2760 1014 2816 quo
1035 2760 1089 2818 per
1111 2745 1242 2818 angelum

886 2830 1009 2902 populus
1032 2828 1166 2905 profecit,

850 2915 903 2986 Qui
926 2914 1071 2988 sequendo
1092 2915 1201 2975 invium

881 2999 916 3058 In
939 3000 1037 3059 multis
1060 2999 1175 3063 defecit.

977 3186 1017 3236 Ad
1036 3188 1148 3238 Nouam.

844 3309 981 3368 Plauteut
999 3310 1102 3368 mentis
1124 3308 1268 3367 hortulum

883 3395 936 3454 Tui
961 3394 1112 3454 credibilia

845 3481 898 3551 Qui
919 3496 972 3552 per
992 3487 1120 3539 sanctum
1143 3479 1274 3553 angelum

884 3565 969 3623 Facis
992 3565 1145 3626 mirabilia.

909 3805 948 3863 ln
968 3806 997 3864 2.
1022 3806 1215 3877 vesperis.

976 3939 1151 4005 Autipbouaa.

794 4063 823 4123 1.
846 4060 941 4120 Adest
963 4062 1025 4120 dies
1045 4062 1167 4140 lucidus,

886 4149 947 4219 Quo
969 4147 1052 4220 plebs
1074 4151 1245 4224 gratulatur,

844 4235 957 4305 Aquam
980 4243 1074 4294 movet
1096 4236 1224 4313 angelus,

888 4318 1054 4392 Languidus
1074 4329 1201 4383 curatur.
