2918 4868
616 295 653 306 -
700 261 849 325 236-

136 435 164 493 3.
188 434 286 507 Regno
308 439 406 506 spreto
429 432 516 491 cordc
538 434 614 491 lacto
753 439 781 494 4.
804 433 897 493 Jubar
918 435 1035 507 clarum,
1060 434 1122 493 Deo
1144 449 1252 505 carum,

232 518 333 577 Nudus
355 518 513 591 pertransit
532 534 659 590 nemore,
850 519 943 578 Coelis
965 520 1061 577 illuxit
1082 520 1187 591 oriens,

189 603 253 661 dam
276 620 352 662 nunc
373 610 451 662 tutus
473 610 620 663 assecutus
803 605 885 678 Quod
907 605 1061 678 splendere
1083 604 1153 663 lecit
1175 621 1242 663 vere

230 692 402 748 Aeterna
437 688 589 748 Christi
624 705 698 747 mu·
850 690 1316 764 Verbumsnpernumpro·

495 791 595 835 nera.
1111 776 1231 834 diens.

445 900 472 956 5.
497 895 595 954 Omnis
618 910 687 953 vera
710 895 772 953 laus
795 894 908 952 sincera

540 980 642 1039 Cordis
665 980 704 1037 sit
725 980 779 1038 Dei
802 979 902 1052 validi,

497 1064 550 1137 Qui
573 1082 625 1122 nos
648 1065 735 1123 ducat
756 1071 786 1123 et
807 1066 948 1138 perducat

539 1151 594 1208 Ad
618 1166 770 1209 coenam
792 1151 879 1224 agni
902 1150 1068 1223 providi.

206 1270 282 1319 Brev.
300 1268 445 1318 lilerdcnse
463 1269 525 1333 imp.
543 1283 582 1318 ca„
603 1264 676 1320 1533.

374 1535 431 1593 tlt.
466 1534 498 1592 ln
515 1534 616 1593 llotolo
633 1534 828 1609 Apostolorum
846 1535 925 1593 Petri
938 1538 968 1592 ot
984 1533 1074 1593 Pauli.

431 1698 458 1757 1.
481 1696 624 1769 Tempora
645 1692 757 1769 fulgida
777 1711 852 1754 nunc
873 1696 1001 1770 rutilant,

481 1782 586 1839 Annua
607 1781 756 1841 commoda
773 1781 834 1854 iam
855 1788 993 1853 remeunt,

481 1869 560 1925 Area
583 1863 713 1940 frugibus
735 1872 820 1925 aucta
841 1866 924 1925 bonis

482 1954 553 2011 Fcrt
575 1968 649 2012 nova
671 1952 777 2026 gaudia
799 1952 940 2024 ruricolis,

480 2037 645 2096 Frondibus
666 2037 793 2110 undique
815 2042 929 2110 compta
950 2037 1018 2095 suis.

429 2163 457 2221 2.
482 2159 570 2217 Festa
592 2160 653 2217 dies
675 2159 761 2218 hodie
783 2159 897 2232 renitet,

485 2245 586 2303 Petrus
608 2245 637 2303 in
660 2245 777 2304 aethere
800 2261 862 2303 cnm
885 2244 989 2320 radiat,

484 2331 589 2391 Paulus
611 2332 640 2388 in
664 2336 760 2389 astrea
783 2346 871 2404 regna
894 2331 990 2403 micat,

480 2418 541 2487 Quo
564 2416 642 2474 Deus
664 2415 774 2475 arbiter
795 2415 833 2474 ad
855 2431 989 2488 superum

481 2501 584 2561 Evenit
607 2501 662 2560 hac
684 2501 731 2560 dic
753 2501 913 2574 collegium.

432 2623 458 2680 8.
485 2621 606 2694 Agmine
627 2621 737 2693 primus
758 2620 916 2693 apostolico

486 2706 589 2764 Petrus
610 2706 639 2763 in
662 2705 733 2764 orbe
755 2706 826 2764 cluit
848 2705 961 2777 merito,

484 2791 616 2864 Claviger
638 2791 754 2850 inclitus
777 2791 808 2848 in
831 2791 942 2864 superis

483 2876 578 2935 Lucra
599 2874 690 2935 refert
712 2877 762 2951 pia
783 2875 972 2948 Christicolis,

487 2960 579 3021 Solvit
601 2968 630 3020 et
652 2962 752 3036 alligat
774 2962 804 3020 in
826 2962 950 3035 populis.

433 3086 462 3144 4.
486 3081 594 3140 Ferrea
616 3081 730 3141 vincula
751 3097 834 3155 quem
857 3086 985 3138 metuunt

485 3167 546 3224 Nec
568 3166 661 3239 laquei
684 3167 808 3224 retinere
829 3172 945 3241 queunt,

485 3252 615 3311 Carceris
638 3250 745 3311 extima
765 3259 868 3325 sponte
891 3257 1001 3325 patent,

483 3337 637 3396 Daemonis
659 3336 773 3412 agmins
792 3342 895 3395 cuncta
918 3343 1024 3409 pavent.

484 3423 590 3496 Nilqne
612 3423 656 3481 sui
678 3422 802 3480 retinere
824 3421 928 3482 valent.

433 3548 461 3603 5.
485 3544 599 3604 Janitor
620 3543 745 3601 aetheris
767 3543 830 3616 ipse
851 3548 945 3601 manet

485 3629 588 3687 Pastor
610 3634 639 3685 et
661 3630 723 3702 ipse
745 3629 839 3704 gregis
861 3629 975 3699 renitet,

488 3714 541 3784 Qui
564 3729 616 3786 per
638 3730 758 3773 amoena
779 3715 888 3774 virecta
911 3729 976 3770 snos

486 3801 610 3859 Poscere
633 3801 734 3858 doctus
755 3800 868 3859 ovando
889 3814 989 3871 greges

485 3884 631 3943 Scandere
651 3884 748 3943 sidera
770 3886 859 3944 donat·
880 3899 956 3941 oves.

432 4008 460 4066 6.
484 4004 607 4064 Simonis
629 4005 748 4064 horrida
768 4003 924 4079 praestigia

487 4090 561 4148 Vocc
584 4088 718 4164 fugantur
739 4089 906 4165 apostolico,

486 4174 599 4235 inferus
622 4177 698 4235 haud
722 4175 855 4235 cohibere
877 4173 963 4243 valet,

487 4264 573 4332 Quem
598 4262 699 4319 Petrus
721 4261 789 4320 indo
811 4259 908 4319 redire
927 4259 1018 4333 jubet,

488 4349 605 4415 Terret,
629 4347 738 4405 coelica
759 4346 863 4419 quique
884 4352 971 4404 tenet.
