2918 4868
621 268 852 333 -173-

268 435 309 492 In
334 432 361 495 1.
384 435 592 502 Noctuine.

345 553 520 617 Antiphonae.

164 655 190 713 1.
215 655 359 714 Romanus
382 658 412 716 in
434 661 589 721 Antiochia

252 741 313 801 Dco
336 745 446 802 servire
467 747 578 805 studuit

212 825 250 884 Et
273 829 473 888 monachorum
497 834 576 893 curia

253 914 322 974 Cum
347 916 499 976 sanctitate
520 917 627 980 floruit.

160 1018 188 1074 2.
212 1016 269 1074 Hic
291 1033 344 1089 pro
367 1018 474 1078 Christi
497 1023 617 1096 collegio

250 1102 381 1162 Militans
404 1104 433 1162 in
456 1108 519 1165 acie

212 1188 387 1260 Conjunctus
410 1199 454 1249 est
475 1193 582 1266 agmini

251 1273 390 1335 Caelestis
412 1277 540 1340 militiae.

159 1377 188 1434 3.
212 1375 296 1434 Mens
320 1375 375 1435 fuit
393 1380 532 1456 angelica,

252 1462 363 1536 Lingua
385 1462 540 1541 fructuosa,

215 1547 282 1606 Vita
304 1551 472 1625 apostolica,

251 1633 331 1691 Mors
354 1652 437 1708 quam
460 1638 595 1711 pretiosa

334 1823 521 1888 Responsoria.

159 1923 185 1983 1.
209 1925 346 2004 Romane,
371 1929 451 1987 sidus
474 1946 600 2007 aureum,

248 2010 356 2069 Summi
378 2030 429 2072 vas
450 2015 575 2092 honoris,

210 2096 369 2155 Caederem
391 2115 508 2159 servans
530 2105 644 2164 niveum

245 2180 328 2242 Dono
351 2187 497 2264 creatoris,

205 2266 300 2325 Dccus
324 2268 412 2328 habes
435 2272 593 2346 virgineum

243 2353 277 2410 In
301 2356 433 2427 supernis
456 2357 567 2434 choris;

143 2437 177 2494 V.
206 2437 249 2495 Tu
271 2441 417 2511 speculum
441 2444 607 2518 munditiae,

208 2523 252 2581 Tu
275 2530 370 2585 custos
392 2527 581 2602 innocentiae,

244 2610 288 2668 Tu
310 2613 401 2671 sancti
424 2612 476 2672 flos
499 2617 626 2688 pudoris.

152 2713 180 2771 2.
203 2711 380 2774 Exhortator
401 2719 510 2791 populi,

243 2799 328 2858 Fidei
351 2804 468 2876 zelator,

203 2884 312 2946 Circuit
333 2887 495 2963 intrepidus

242 2971 400 3031 Haeresum
424 2974 583 3051 damnator,

207 3054 346 3114 Vitiorum
371 3060 480 3132 rigidus

243 3140 363 3214 Semper
385 3155 571 3221 expugnator,

206 3225 342 3285 Veritatis
364 3229 477 3291 lucidus

241 3311 350 3371 Ductor
371 3322 399 3373 et
422 3324 550 3394 amator;

141 3397 176 3455 V.
205 3396 300 3456 Verbo
323 3400 398 3459 vitae
420 3406 579 3478 praedicat,

206 3482 301 3557 Signis
324 3485 433 3545 crebris
456 3490 560 3550 emicet

246 3569 331 3642 Legis
351 3574 520 3636 aemulator.

150 3672 179 3732 3.
202 3670 278 3729 llum
301 3675 504 3748 Asclepiadem
527 3683 648 3758 quaerit,

240 3758 286 3816 Ab
309 3760 414 3834 iniquis
434 3765 556 3842 capitur,

202 3844 312 3917 Corpus
335 3855 464 3907 sanctum
488 3851 573 3910 lictor
596 3850 672 3931 ierit,

240 3929 316 3988 Justi
338 3948 441 4006 eorpus
463 3937 601 4016 tenditur,

200 4014 247 4072 Sic
270 4017 407 4091 triumphi
429 4021 553 4094 palmam
576 4026 659 4103 gerit,

242 4100 316 4159 llum
338 4120 391 4175 pro
413 4106 470 4166 fide
492 4110 628 4182 moritur3

136 4183 168 4241 V.
197 4185 260 4243 Stat
283 4187 406 4249 invictus
427 4194 507 4267 pugil
532 4193 623 4255 fortis.

887 448 928 507 ln
950 452 978 509 2.
1003 450 1207 516 Nocturno.

960 582 1135 652 Antiphonna.

779 706 806 766 1.
830 705 1016 765 Documentis
1036 708 1146 769 ordinis

869 791 998 851 eruditus
1020 794 1101 870 satis,

832 877 959 937 Transiit
980 879 1018 939 ed
1040 879 1161 954 gloriam

868 980 994 1023 summae
1016 966 1153 1026 veritatis.

776 1118 806 1177 2.
829 1115 946 1174 Florem
968 1118 1126 1191 pudicitiae

867 1218 985 1262 servans
1008 1205 1159 1279 illibatum,

828 1286 956 1346 Transiit
978 1290 1015 1349 od
1038 1292 1164 1351 studium

867 1391 991 1435 summae
1013 1378 1153 1443 veritatis.

774 1528 803 1588 3,
830 1527 945 1602 Martyr
967 1530 1061 1589 clarus
1083 1540 1113 1592 et
1135 1533 1254 1592 coelitus

863 1613 971 1672 Missus
993 1617 1100 1675 sacculi
1121 1618 1151 1676 iu
1172 1618 1239 1693 fine,

826 1699 935 1759 Doctor
957 1698 1069 1775 fulgens
1091 1709 1122 1761 et
1142 1704 1256 1763 inclitus

863 1787 909 1846 Ex
931 1787 1133 1848 monachorum
1154 1791 1275 1865 agmine.

952 1975 1139 2041 Responsoria

773 2096 799 2157 1.
824 2095 947 2168 Martyr,
971 2097 1050 2171 pugil
1074 2097 1189 2175 Christi,

861 2182 997 2241 virtutum
1021 2180 1113 2243 formu
1135 2181 1223 2263 fuisti,

823 2266 959 2326 Crucifixi
981 2269 1110 2327 meruisti

824 2436 948 2512 l'ragrat
967 2437 1053 2512 fama,
1078 2440 1176 2499 dulces

860 2529 977 2583 cantant
1001 2525 1056 2583 tibi
1077 2526 1191 2601 agmina
1212 2528 1322 2589 landes.

758 2610 795 2671 V.
823 2611 923 2684 Regna
945 2611 1000 2669 tuis
1023 2612 1118 2683 pande

860 2696 940 2766 coeli,
964 2704 1074 2771 martyr
1096 2699 1267 2761 venerande.

769 2853 797 2911 2.
820 2850 919 2908 Telum
945 2850 1015 2909 dicit
1037 2852 1253 2927 pennaximum,

861 2936 927 2994 dum
947 2936 1045 3009 lingua
1067 2937 1255 3011 abscinditur,

822 3021 934 3079 llonum
957 3023 1204 3100 specialissimum,

858 3107 939 3178 Quod
961 3108 1023 3166 siue
1044 3108 1141 3182 lingon
1162 3109 1288 3182 loquitur

820 3192 860 3251 Et
882 3192 970 3251 vincit
992 3194 1199 3266 impiissimum,

858 3278 937 3337 Bene
960 3278 1032 3337 tides
1055 3279 1155 3342 oritur.

758 3362 790 3419 V.
814 3364 903 3436 Apud
927 3364 1070 3425 Christum
1094 3372 1125 3422 tu
1145 3367 1267 3434 advoca,

857 3449 912 3522 Qui
934 3449 995 3508 sine
1015 3450 1112 3522 lingua
1134 3451 1267 3529 loqueris,

819 3534 859 3593 Et
880 3536 952 3593 iram
974 3535 1029 3593 Dei
1052 3551 1163 3614 revoca,

857 3621 910 3692 Qui
932 3620 974 3678 sie
996 3625 1134 3681 torturam
1157 3623 1274 3696 peteris.

767 3776 795 3836 3.
819 3774 877 3834 Pro
899 3773 1014 3834 Christo
1037 3790 1149 3834 crucem
1171 3779 1282 3849 patitur

857 3860 929 3932 Ejus
952 3875 1072 3933 sequens
1097 3861 1226 3936 vestigia,

819 3947 853 4005 In
880 3961 964 4003 cruce
986 3962 1097 4006 sursum
1121 3947 1234 4006 tollitur

856 4031 896 4090 Et
916 4032 1068 4105 praedicat
1087 4034 1238 4107 magnalia,

817 4116 862 4174 Dc
888 4133 954 4176 vera
976 4117 1034 4177 tide
1056 4118 1181 4192 loquitur

860 4219 912 4260 nec
935 4210 1034 4262 cnorct
1055 4202 1178 4278 flagitia;

199 4272 342 4332 Constans
364 4277 476 4348 profert
499 4280 570 4340 hora
593 4284 692 4342 mortis
754 4289 788 4347 V.
815 4288 1019 4361 Asclepiadem
1043 4290 1160 4362 devicit,

237 4356 348 4433 Fidem,
370 4379 424 4434 pro
447 4382 503 4437 qua
524 4367 641 4437 patitur.

860 4375 921 4446 ejus
943 4374 1022 4434 idola
1044 4374 1236 4449 confringens.
