2918 4868
651 279 885 346 -110-

510 450 564 507 167.
601 450 639 507 lls
658 466 679 507 s.
698 447 839 507 lluminiea
857 447 1021 506 Exsilisusi.

676 573 795 640 Hymnus
813 571 858 625 tv.

181 701 207 760 l.
231 698 379 759 Domiuiee
403 698 577 772 dignissime,
794 699 824 759 3.
847 696 901 755 Tui
925 712 1042 754 securus
1064 697 1179 769 optime,

232 784 315 844 Osile
337 790 415 842 tuum
439 789 557 857 protege
846 783 971 840 Tuorum
994 798 1076 839 casus
1099 782 1218 854 respice,

232 871 269 929 Et
292 886 374 942 opem
399 869 475 927 dona
497 869 615 927 coelitus
847 866 985 925 Seuerum
1010 872 1119 925 ruentes
1138 867 1253 943 robers,

232 955 274 1013 Te
297 955 399 1013 devote
421 954 592 1027 petentibus.
845 951 1024 1012 intirmorum
1046 952 1201 1011 consolida.

178 1061 206 1118 2.
231 1057 280 1116 Nil
301 1058 330 1115 in
354 1057 426 1116 actis
448 1055 603 1114 fidentibus
792 1060 821 1115 4.
847 1055 887 1116 Ut
909 1055 1065 1127 gaudemus
1089 1055 1125 1113 de
1148 1071 1277 1129 corpore,

233 1143 437 1202 Caudeseeutle
460 1141 601 1215 propitius
847 1141 1001 1199 Laetamur
1023 1140 1059 1198 de
1081 1141 1229 1214 solamine,

232 1229 327 1299 Atque
347 1228 435 1285 reduc
457 1227 493 1284 ad
516 1226 634 1284 aethera
847 1225 1012 1284 Mereamur
1033 1233 1062 1283 te
1084 1241 1211 1303 eernere,

231 1313 409 1372 Laberautes
431 1329 484 1386 per
504 1311 611 1370 infima.
847 1311 905 1372 Ubi
928 1311 1036 1386 gaudes
1058 1327 1120 1370 eum
1146 1312 1253 1386 requie.

486 1420 514 1476 5.
538 1414 603 1471 Hoc
624 1419 749 1488 praesta,
772 1413 896 1471 clemens
919 1413 1043 1487 trinitas,

537 1501 615 1570 Quae
638 1514 668 1555 es
690 1498 820 1570 perlecta
844 1499 945 1569 deitas,

541 1586 619 1655 Quae
641 1584 717 1657 regis
738 1584 837 1642 muudi
859 1584 974 1644 elimata

539 1670 648 1728 Cuncta
669 1669 768 1729 vivens
790 1686 844 1742 per
865 1669 988 1733 saecula,

245 1789 364 1853 Vergara
381 1787 399 1837 l.
417 1804 440 1837 e,
459 1804 484 1853 p.
500 1783 560 1838 458.

508 1987 561 2044 168.
598 1987 636 2043 lle
654 2002 675 2044 s.
695 1986 835 2045 lluuiuiee
853 1985 1018 2045 Exsilisusi.

184 2117 209 2176 l.
234 2115 420 2174 Exsultantes
444 2121 473 2171 el
494 2113 650 2186 psallentes
795 2119 825 2177 4.
850 2116 874 2174 0
897 2115 1032 2172 sacerdos
1054 2113 1186 2187 gloriose,

276 2216 344 2259 voce
366 2199 447 2258 cordi
469 2214 592 2257 consona
891 2217 1001 2273 gemma
1023 2199 1137 2258 Christo
1160 2199 1277 2273 placita,

233 2286 441 2347 Praetellamus
464 2284 650 2357 conditerem,
848 2287 912 2344 Hac
933 2287 962 2344 in
986 2285 1042 2352 (lie,
1066 2290 1149 2358 pater
1171 2284 1228 2357 pie,

276 2373 357 2444 euJus
379 2369 561 2445 previdentia
892 2387 1005 2444 gregem
1027 2376 1105 2428 tuum
1128 2369 1223 2440 visita,

234 2457 333 2516 Minus
356 2456 434 2530 digni
457 2461 645 2528 proteguntur
844 2457 949 2528 Neque
971 2458 999 2513 iu
1023 2472 1057 2514 ea
1079 2454 1264 2527 perturbetur

273 2549 436 2600 sanctarum
458 2557 512 2612 per
533 2539 644 2597 merita.
892 2551 941 2601 tua
964 2558 1068 2600 currens
1090 2540 1204 2600 merita.

183 2650 211 2707 2.
236 2645 328 2716 HuJus
352 2644 434 2701 dunis
457 2648 609 2700 exornatus
798 2649 826 2704 5.
851 2644 1028 2702 Delielorum
1051 2642 1145 2701 solvat
1166 2659 1255 2700 nexus

279 2727 426 2786 confessor
448 2727 613 2786 Dominicus
894 2735 944 2787 tua
965 2727 1147 2802 supplicatio,

234 2813 346 2888 Spretis
369 2812 462 2871 earnis
485 2811 630 2870 illecebris
848 2815 956 2887 Tergat
977 2813 1077 2872 sordes
1100 2813 1232 2872 vitiorum

277 2907 306 2956 et
327 2898 450 2956 terrenis
472 2896 604 2954 serdibus
893 2898 1027 2972 frequens
1049 2899 1225 2969 intercessio,

230 2984 323 3058 Digne
346 2983 439 3042 choris
462 2983 600 3041 iuteresse
848 2987 926 3058 Quae
941 3002 992 3042 uos
1007 2984 1123 3043 taudem
1139 2984 1240 3056 dignos
1256 2983 1359 3040 reddat

278 3070 382 3127 meruit
404 3067 585 3130 coelestibus.
891 3086 1016 3142 superno
1035 3069 1153 3141 palatio.

182 3177 211 3235 3.
235 3175 343 3245 ipsum,
367 3169 490 3243 Christe,
514 3176 542 3227 te
566 3187 726 3242 precantur,
798 3178 825 3232 tt.
849 3174 910 3243 Quo
933 3171 1065 3229 eoelestis
1087 3170 1266 3229 Hierusalem

276 3264 426 3331 patronum
450 3255 626 3328 demiseris,
894 3259 1030 3315 mirantes
1052 3255 1175 3330 iusignia

235 3343 290 3401 Per
313 3359 396 3416 quem
419 3348 521 3399 cuneta
535 3341 743 3415 restinguamus
849 3342 968 3416 Semper
990 3342 1104 3402 Christe
1135 3341 1222 3414 digua
1243 3340 1358 3400 laudum

275 3428 420 3486 incentiva
441 3426 559 3485 seeleris
893 3428 1035 3486 solvamus
1058 3425 1221 3499 praecunia,

237 3515 333 3586 Atque
354 3513 423 3571 laeti
445 3512 668 3570 conscendamus
851 3514 940 3586 Cujus
961 3514 1025 3585 jure
1048 3512 1186 3571 dilatatur

280 3598 348 3656 celsi
372 3598 472 3671 plagas
493 3596 628 3657 aetheris,
894 3598 964 3657 orbe
986 3604 1046 3657 teta
1068 3597 1169 3671 gloria.

532 3700 560 3759 l.
587 3699 677 3768 Patri,
700 3707 777 3771 nate,
802 3701 863 3759 laus
885 3701 1030 3773 perennis,

624 3784 732 3842 invicta
754 3786 891 3858 petentia,

583 3869 658 3928 Nato
682 3871 768 3929 decus
790 3879 875 3944 atque
897 3872 998 3946 virtus,

628 3954 744 4015 claritas
766 3957 879 4024 eximia.

582 4041 762 4115 Flamiuique
784 4058 847 4101 eum
869 4048 989 4114 utroque

626 4143 743 4200 compar
764 4127 944 4186 excellentia.

249 4246 368 4310 Vergara
389 4245 406 4294 l.
425 4262 446 4295 e.
473 4263 497 4311 p.
515 4243 580 4294 sta:
607 4246 639 4295 Iu
657 4245 748 4295 eodem
766 4246 834 4296 libro
853 4251 880 4294 st
896 4245 988 4295 eadem
1005 4245 1083 4295 litera
1099 4246 1230 4309 reperitur
1248 4260 1359 4309 sequeus

181 4315 307 4378 hymnus:
333 4313 470 4376 „Hymnus
494 4317 521 4364 in
546 4315 643 4364 honere
669 4316 754 4363 saneti
771 4314 904 4364 Domiuiei
923 4315 1079 4364 confessoris
1096 4313 1183 4363 editus
1201 4328 1217 4362 a
1234 4312 1359 4378 Philippo

181 4384 290 4435 Oscensi
309 4383 483 4433 Gramatico.“
