2918 4868
572 1371 592 1429 l.
628 1372 666 1429 llo
677 1371 789 1430 Nomine
807 1373 882 1431 Joru.

626 1510 669 1565 Ad
687 1510 828 1580 Vesperue.

143 1654 172 1714 1.
195 1652 305 1731 Gaude,
329 1657 421 1710 mater
442 1652 572 1729 ecclesio,
757 1655 786 1714 3.
810 1651 919 1711 Nomen
942 1652 1012 1711 Jesu
1034 1651 1213 1711 benedictum

197 1738 313 1797 Adsunt
334 1754 408 1796 novo
429 1739 568 1796 solemnio
810 1739 849 1796 Et
870 1755 957 1811 super
980 1743 1081 1796 cuncto
1096 1741 1229 1811 locatum,

195 1823 326 1882 Nominis
347 1823 426 1894 lesu,
450 1840 505 1896 quo
527 1830 577 1882 tuo
809 1822 972 1882 Gloriosum
992 1828 1021 1881 iu
1043 1824 1166 1896 soeculo,

197 1910 352 1969 Placoutur
375 1909 527 1967 desiderio
808 1908 923 1984 Dirigot
945 1910 1033 1968 cordo
1055 1915 1084 1967 et
1106 1925 1234 1982 corpora.

142 2033 171 2090 2.
195 2028 257 2087 Lux
279 2029 360 2099 lucis,
383 2029 521 2101 splendor
542 2029 659 2102 gloriae,
756 2031 785 2090 4.
809 2028 885 2086 Luus
907 2029 984 2101 putri
1006 2029 1045 2086 sit
1066 2028 1201 2101 ingenito,

191 2116 286 2185 Jesus,
310 2121 425 2172 nostroe
448 2114 575 2186 deliciae,
808 2114 885 2172 Lous
907 2115 968 2185 eJus
989 2114 1144 2187 unigenito,

192 2200 302 2259 Nomen
326 2206 405 2258 tuum
423 2199 506 2258 nobis
529 2200 612 2258 dulce
808 2200 886 2258 Laus
908 2198 947 2256 sit
967 2205 1066 2257 sancto
1088 2199 1202 2271 spiritui

192 2286 247 2351 Do,
273 2301 441 2344 veneremur
463 2285 548 2344 hodie
808 2284 848 2341 Eo
869 2283 1007 2342 altissimo
1029 2284 1144 2343 nomini.

210 2421 286 2469 Brev.
305 2420 369 2470 Corn
406 2419 547 2469 stelionum
565 2420 627 2484 imp.
646 2418 803 2484 Ulisiponuc
823 2414 896 2466 1497.
915 2418 946 2466 Α.
965 2444 998 2451 -
1016 2420 1092 2467 Brev.
1106 2417 1235 2468 Aurienoe
1253 2421 1315 2484 imp.

141 2486 318 2537 Salmanticuo
338 2485 369 2536 15
390 2486 412 2537 1.
431 2490 460 2538 B.
480 2514 509 2522 -
530 2489 605 2537 Brev.
616 2487 858 2552 compostellanum
877 2488 938 2551 imp.
950 2487 1126 2536 Salmanticoe
1149 2484 1223 2538 1569.
1236 2488 1264 2538 C.
1283 2517 1316 2524 -

139 2552 168 2614 2,
194 2553 206 2605 l
231 2555 400 2621 splendorum
425 2556 526 2621 gloriae
544 2558 575 2605 Α.
600 2583 634 2592 -
656 2552 684 2614 2,
707 2552 820 2605 2Jesuo
844 2561 934 2620 grutae
956 2555 1067 2605 deliciae
1085 2555 1113 2605 C.
1134 2581 1164 2590 -
1184 2553 1216 2616 2,
1238 2554 1316 2606 lna

139 2624 204 2674 fehlt
222 2628 250 2675 U.
265 2652 296 2659 -
315 2620 340 2681 3,
357 2623 374 2673 4
393 2624 478 2676 Corda
496 2624 594 2689 dirigat
611 2625 665 2674 AB.
683 2650 717 2658 -
735 2625 787 2674 Die
807 2624 954 2688 Doxologio
972 2623 1056 2674 lauret
1073 2626 1100 2673 in
1119 2626 1154 2675 0:

496 2726 588 2777 Gloria
605 2727 663 2787 tibi,
681 2728 802 2787 Domine,

498 2795 550 2856 Qui
569 2797 715 2860 apparuisti
733 2795 826 2856 nidere,

497 2864 564 2914 Cum
582 2868 656 2928 putre
674 2869 701 2914 et
718 2871 808 2914 sancto
827 2866 921 2929 spiritu

496 2933 528 2982 In
546 2934 705 2998 sempiterna
722 2934 835 2984 saecula.

565 3185 590 3241 2.
626 3184 664 3240 lle
683 3182 794 3242 Nomine
811 3184 886 3242 Jeou.

612 3322 656 3376 Ad
673 3327 846 3377 Nocturnum.

140 3465 170 3524 1.
193 3463 275 3534 lesu,
298 3463 382 3536 punis
404 3464 578 3539 angelorum,
755 3467 785 3527 3.
808 3464 947 3522 Miserere
970 3463 1051 3522 nobis
1075 3465 1130 3521 reis

194 3549 297 3607 Mundi
321 3555 422 3607 auctor
442 3556 471 3605 et
494 3550 637 3609 coelorum
811 3551 850 3608 Et
871 3555 950 3608 luere
973 3549 1009 3608 ob
1031 3549 1169 3620 adversis,

194 3634 256 3692 Rex
279 3640 308 3691 et
332 3634 458 3692 director
480 3632 616 3708 fabricae,
807 3635 864 3694 Sed
887 3641 1000 3707 etpost
1024 3634 1099 3692 diem
1122 3632 1230 3692 funeris

192 3720 283 3778 Actus
306 3726 417 3777 nostros
439 3724 471 3778 tu
493 3720 594 3793 dirige.
807 3721 868 3780 Foo
887 3721 1012 3794 gaudere
1034 3737 1097 3777 oum
1121 3720 1241 3792 superis.

141 3842 170 3900 2.
194 3838 236 3896 Te
259 3839 376 3897 colimus
398 3857 416 3898 o
437 3846 466 3897 te
489 3838 567 3912 loeti,
755 3845 785 3901 4.
808 3842 885 3899 Laus
907 3840 984 3913 putri
1005 3840 1043 3899 sit
1065 3840 1200 3916 ingenito,

192 3924 307 3982 Laudes
330 3926 429 3985 domus
452 3926 609 3998 consignati
808 3926 883 3983 Laus
904 3927 965 3997 eius
986 3925 1141 3998 unigenito,

193 4009 247 4067 Tui
270 4010 391 4069 nominis
413 4011 535 4068 culmine
806 4011 882 4068 Laus
903 4011 941 4068 rit
963 4017 1062 4069 sancto
1083 4011 1198 4084 spiritui

194 4094 251 4153 Sed
275 4101 302 4153 et
326 4097 467 4170 redempti
491 4097 638 4170 sauguine.
808 4096 846 4153 Et
868 4096 1006 4154 altissimo
1027 4097 1143 4158 nomini.

208 4231 285 4281 Brev.
304 4231 368 4280 Com
388 4231 546 4281 ostellanum
565 4234 626 4297 imp.
646 4230 802 4296 Ulisiponue
823 4228 896 4281 1497.
915 4232 945 4281 Α.
963 4258 998 4267 -
1015 4232 1091 4281 Brev.
1105 4232 1233 4281 Aurionne
1251 4229 1314 4293 imp.

140 4298 316 4349 Sulmauticae
337 4297 358 4348 l·
388 4298 409 4349 l.
428 4301 458 4365 B,
478 4327 510 4335 —
529 4302 606 4351 Brev.
619 4299 859 4366 Compoetellanum
878 4302 940 4365 imp.
953 4301 1131 4350 Salmunlieuo
1154 4296 1226 4348 1569.
1239 4298 1269 4347 C.
1281 4321 1316 4330 -

138 4364 164 4430 3,
183 4365 195 4418 l
216 4368 296 4418 nobie
318 4384 363 4418 rex
381 4368 457 4419 ΑΒΘ.
479 4396 508 4403 -
527 4370 676 4435 Doxologie
694 4371 722 4418 iu
741 4368 761 4419 C
781 4371 831 4419 wie
849 4370 919 4419 belm
936 4370 1047 4432 rorigeri
1065 4370 1196 4431 llymnns.
