2918 4868
643 279 871 343 -154-

181 457 210 514 4.
233 454 350 515 Cunctis
372 454 462 512 sacris
485 452 641 527 virginibus
848 453 919 512 Tam
940 452 1082 526 stupendo
1104 452 1244 526 mysterio

275 539 356 598 Haec
377 539 457 612 virgo
478 545 680 616 praeponatur,
891 539 928 598 Se
950 539 1130 598 conservavit
1151 539 1308 612 virginem,

233 625 361 684 Alterius
384 624 549 683 criminibus
850 625 957 683 Vivens
979 624 1009 683 in
1031 624 1214 694 monasterio,

275 711 355 770 Haec
376 726 497 783 namque
519 717 688 768 maceratur.
890 712 1035 782 Quaerens
1047 710 1139 768 Deum
1153 717 1182 767 et
1197 709 1359 768 hominem.

182 819 210 874 5.
232 813 351 873 Centies
373 813 435 872 Deo
454 819 568 872 sacrata

275 898 407 958 Cantavit
430 900 510 972 virgo
532 898 655 970 Murius,

232 985 314 1042 Inter
335 985 411 1042 viros
433 984 547 1044 illibata
908 982 947 1040 In
975 985 1003 1043 2.
1028 983 1220 1056 vesperis.

276 1071 415 1130 Servatur
436 1075 530 1129 mente
553 1069 659 1128 divine

336 1205 377 1255 Ad
394 1204 560 1256 Benedictus.
782 1245 816 1301 Α,
842 1241 957 1300 Mariua
975 1242 1035 1313 jam
1057 1242 1222 1314 vespertina

170 1312 206 1369 A·
231 1309 345 1368 Matina
366 1318 466 1368 88110ῐῦ
487 1309 643 1385 δΡῙθῐΙᾶὓῑῑ,
888 1328 969 1385 Horu
991 1327 1057 1386 dnm
1075 1326 1217 1398 occubuit,

273 1395 451 1469 papiense
472 1401 500 1453 a
523 1395 677 1466 miraculis,
846 1410 971 1472 nemun
990 1413 1054 1470 ruse
1077 1413 1183 1484 muna,

235 1481 350 1540 Candor
370 1481 443 1539 lucis
465 1480 609 1554 apparuit,
887 1497 961 1556 Nam
984 1498 1066 1572 virgo
1088 1498 1231 1572 apparuit,

276 1568 351 1626 Dum
374 1567 482 1625 sociata
501 1565 636 1624 masculis

953 1118 995 1169 Ad
1012 1117 1174 1186 Magnificat„

236 1687 312 1735 Brcv.
340 1686 400 1736 Ord.
421 1686 447 1735 S.
465 1685 567 1735 Mariae
593 1684 626 1734 de
643 1684 763 1734 Mercede
785 1686 847 1750 imp.
866 1684 989 1750 Lugduni
1014 1681 1088 1736 1560.
1115 1712 1148 1721 -
1166 1685 1247 1735 invit.
1270 1683 1350 1735 4111-

168 1756 280 1803 servivit
296 1755 402 1804 amoris.
424 1779 456 1788 -
475 1754 506 1802 In
528 1750 549 1802 l.
569 1753 644 1803 Noct
664 1747 684 1800 R
705 1749 717 1801 l
745 1748 762 1802 3
779 1755 810 1803 1n
829 1754 927 1804 orbern.
945 1780 978 1788 —
1000 1749 1020 1802 R
1038 1750 1062 1816 8,
1083 1753 1096 1803 l
1115 1754 1166 1805 hoc
1183 1755 1302 1819 arpinas
1319 1783 1350 1790 —

169 1816 201 1870 In
223 1820 248 1871 3.
271 1817 385 1875 Noctll
410 1818 439 1882 2,
462 1818 529 1871 ese
553 1821 699 1885 junxit-
720 1791 741 1869 ll
767 1819 796 1881 2,
820 1819 836 1871 'l
861 1822 954 1872 coelici
979 1838 1063 1888 gegsn
1086 1822 1136 1873 den
1154 1823 1239 1873 Reim.
1266 1850 1295 1858 —
1318 1825 1351 1873 ln

168 1891 251 1940 Laud.
270 1887 291 1941 Α
319 1890 348 1952 l,
372 1889 459 1940 dorm
478 1891 592 1954 ergrinzt
611 1921 644 1928 -
663 1886 683 1938 Α
700 1887 730 1953 3,
752 1888 771 1941 4
788 1889 889 1956 Corpus
906 1893 935 1941 in
953 1896 1048 1942 tuetur.
1066 1916 1098 1926 -·
1118 1892 1156 1941 Zu
1175 1891 1228 1955 vgl.
1247 1893 1283 1940 ist
1301 1892 1350 1942 das

167 1959 362 2009 Claraoflicium
380 1959 517 2021 (Analecta
535 1959 572 2017 V,
598 1956 646 2009 157
669 1959 718 2021 u),
742 1958 854 2009 welches
879 1959 925 2010 der
941 1959 1051 2011 Dichter
1075 1959 1121 2009 des
1145 1959 1349 2019 vorstehenden,

168 2027 215 2076 dus
234 2029 282 2077 aul'
296 2028 339 2078 die
357 2027 447 2077 Musik
462 2027 537 2091 jones
556 2027 690 2092 gedichtct
706 2030 749 2086 ist,
767 2027 841 2077 nicht
858 2028 942 2079 selten
961 2029 1069 2079 benutzt
1085 2028 1140 2077 hut

570 2211 612 2268 57.
649 2212 688 2268 lle
709 2212 809 2267 sanctu
827 2209 943 2268 llarina

296 2339 334 2396 ln
356 2339 382 2398 1.
408 2338 599 2411 vesperis.
951 2336 990 2385 Ad
1009 2334 1169 2398 Magnificam

335 2456 420 2520 Super
437 2455 562 2505 Psalmos.
782 2445 817 2503 A.
841 2440 1017 2515 Margaritae

888 2526 1025 2600 splendor
1048 2526 1174 2596 renituit,

271 2646 452 2718 pretiossima
844 2611 920 2710 ΒΨ
942 2612 1073 2709 Marinio
1095 2697 1101 2709 α

232 2731 428 2828 ijs-Mariae,
457 2817 463 2828 ·
497 2816 503 2828 α
846 2703 1125 2856 ρῃζξῐὲἱῐξωῐιθοὲἰη.

274 2833 354 2889 virgo
375 2824 562 2892 sanctissima,
886 2886 995 2927 summo
1018 2869 1198 2945 complacuit,

845 2954 1029 3027 Comparevit

888 3057 950 3099 eam
972 3047 1001 3099 et
1024 3039 1133 3098 habuit.

170 2562 206 2621 Δ.
231 2559 389 2633 Margarita

232 2901 342 2960 Mundo
364 2908 455 2975 grata,

274 2987 389 3046 Christo
411 2987 568 3060 carissimu,

232 3075 289 3134 Pro
311 3090 367 3147 qua
389 3091 440 3133 sna

276 3159 344 3218 datu
366 3165 407 3220 est
430 3158 534 3220 anima.

231 3246 361 3318 Oquam
383 3245 511 3320 pulchra,
902 3229 956 3287 Ad
980 3229 1224 3288 Matutinum.

272 3346 357 3403 quam
379 3330 610 3404 prudentissima,
963 3348 1158 3397 luviutorium.
1187 3329 1191 3336 '

233 3416 319 3475 (loelo
341 3417 457 3490 gaudes,
888 3450 1004 3511 Infinita

272 3502 353 3575 virss0
376 3501 560 3616 ⁰¹³r¹⁵⁵¹¹¹¹³3
846 3537 944 3596 nanee
967 3538 1081 3599 cassu
1101 3537 1265 3611 jussemus,

167 3604 201 3663 R·
225 3605 398 3677 Mstrssstfilsss
420 3611 572 3679 finiemus
845 3624 933 3694 Quem
957 3625 993 3683 de
1014 3640 1066 3682 sua
1087 3624 1282 3682 collaudemus

274 3690 353 3749 Bona
375 3690 540 3762 margarite,
887 3710 1054 3783 Mamm,

229 3775 329 3834 Coelos
349 3775 459 3833 intrans
482 3775 625 3834 decorasti

273 3861 350 3919 Luce
370 3860 513 3932 redimita,

230 3947 373 4007 Ghmstnm
394 3962 539 4018 sponsum,
568 3952 600 4004 ut
623 3948 729 4020 optasti

272 4031 480 4105 Contemplaris
502 4032 552 4101 itu,
976 4016 1152 4081 Antiphanes.

231 4120 287 4178 Per
308 4125 347 4190 te,
370 4134 452 4191 quam
473 4123 504 4174 tu
527 4117 695 4196 impetrasti,
794 4122 821 4182 1,
845 4121 976 4194 Domine,
998 4139 1081 4194 quam
1104 4121 1246 4180 mirabilis

273 4203 363 4262 Nobis
387 4204 470 4261 detur
493 4203 561 4275 vita,
887 4207 975 4279 virgo
997 4207 1111 4266 Mariua
1133 4205 1238 4279 floruit,

166 4291 200 4355 V.
228 4289 312 4348 Dulci
335 4306 439 4363 sponso
461 4305 513 4347 uos
536 4290 710 4365 commende,
845 4293 956 4352 Fidelis
979 4300 1008 4350 et
1029 4293 1184 4352 laudabilis

271 4375 312 4435 Ut
332 4379 423 4433 morte
445 4373 535 4437 finite.
887 4379 967 4438 inter
989 4378 1100 4451 iniquos
1121 4378 1234 4441 claruit.

897 3899 939 3957 In
964 3898 991 3959 1.
1015 3898 1224 3957 Nocturno.
