2918 4868
610 271 838 335 -115-

201 446 291 503 Immo
312 445 364 502 ivit
386 452 432 504 sat
454 447 615 506 noluntaria
815 446 956 507 Virtutem
976 447 1123 527 trinitatis,

202 529 382 590 Hierusalem
403 531 442 590 ad
464 532 665 606 sanctuarium,
814 532 917 591 Mortis
939 532 1011 591 hora

200 616 269 675 Post
303 616 373 675 lraec
405 617 483 676 redit
513 618 550 676 ud
581 634 697 692 regnum
815 616 875 675 Nos
894 618 997 693 jungat
1018 617 1091 677 coeli
1114 619 1234 682 thronis.

495 704 654 777 1110111111111·
761 722 790 780 3.
814 720 874 779 Ista
896 721 963 780 dum
986 720 1059 780 vixit
1078 721 1193 783 saecum

138 788 172 846 V.
200 785 336 847 Delibota
357 788 429 848 haec
450 789 556 848 mactis
571 790 698 849 moribus
816 805 931 864 Devicta
951 805 1158 875 adversarium,

199 873 243 931 AC
265 873 366 933 induli).
387 873 524 934 virtulum
545 873 664 934 floribus
814 892 934 964 Quando
956 908 1019 950 eum
1043 892 1130 951 corde
1152 893 1252 952 sedulo

202 959 310 1017 Roma
320 959 407 1018 solvit
420 961 513 1019 cornis
525 962 697 1022 terminium.
815 977 915 1037 Crucis
938 975 1006 1036 fecit
1027 978 1206 1053 scrutinium,

815 1065 873 1123 Per
893 1080 977 1137 quam
999 1062 1079 1123 fideli
1101 1066 1208 1138 populo

254 1132 295 1190 In
318 1134 347 1192 2.
369 1130 576 1195 Nocturna.
815 1148 894 1208 coeli
916 1158 1035 1222 paratur
1057 1150 1191 1222 gaudium

330 1249 505 1313 Antiphanes.
814 1234 854 1292 Et
875 1234 1000 1293 Cerbero
1022 1235 1150 1298 exitium.

753 1317 785 1378 V.
813 1320 964 1393 Postquam
987 1319 1042 1379 fnit
1064 1322 1137 1380 coeli
1157 1323 1265 1382 indicio

816 1405 893 1464 Crux
914 1406 1031 1465 invento
1053 1412 1082 1464 et
1104 1407 1192 1482 signis
1211 1408 1314 1487 patuit,

815 1492 930 1550 Partem
951 1492 1018 1550 tulit
1039 1492 1150 1552 Helena
1171 1493 1231 1555 titio

819 1575 1033 1653 Romanorequa
1055 1584 1167 1653 partem
1190 1581 1280 1640 voluit

814 1661 994 1721 Hierusalem
1017 1662 1055 1722 ad
1070 1664 1156 1723 tidem
1172 1667 1311 1740 gentium.

152 1350 177 1412 1.
202 1352 327 1411 Frenurn
349 1352 419 1412 feeit
441 1361 470 1412 et
492 1372 625 1414 coronam

239 1441 319 1498 Haec
341 1438 378 1498 do
399 1441 487 1500 clavis
510 1441 634 1514 Domini,

200 1525 275 1597 Quos
297 1525 415 1598 invenit,
439 1526 525 1585 fidem
548 1525 650 1586 bonam

239 1611 272 1669 lu
296 1610 340 1669 his
361 1627 463 1684 gerens
485 1612 603 1672 numiui.

148 1715 176 1772 2.
200 1711 266 1770 Fuit
290 1713 362 1772 hacc
384 1713 499 1775 domina
520 1714 598 1774 orbis

240 1798 301 1857 Nec
323 1815 359 1857 ex
381 1800 435 1859 hoc
457 1801 599 1873 intumuit,
870 1800 911 1859 lu
934 1803 964 1861 3.
987 1799 1197 1864 Nocturno.

200 1883 312 1956 Carnis,
336 1886 444 1959 mundi,
468 1886 556 1946 Satan
577 1885 685 1945 morbis
941 1900 1117 1967 Anaphense.

239 1969 394 2043 Repulsam
417 1971 560 2046 opposuit.
762 1988 790 2048 1.
814 1990 838 2049 o
860 1988 980 2060 uerene,
1002 1996 1034 2048 tu
1057 1989 1150 2050 neno

148 2076 177 2132 3.
202 2074 281 2131 Haec
306 2080 425 2147 propter
444 2091 571 2135 amorem
592 2077 698 2138 Christi
853 2076 909 2133 Per
929 2090 1042 2134 erucem
1066 2075 1253 2149 daemonium,

240 2159 325 2217 Velut
347 2166 456 2219 stercus
479 2161 578 2220 habuit
813 2160 987 2233 Imperatrix
1009 2161 1154 2243 exstitisti,

200 2243 290 2321 Haec,
327 2262 399 2318 quae
432 2253 498 2305 sunt
530 2248 559 2306 in
592 2248 699 2308 mnudo
852 2246 898 2306 Sis
921 2245 1002 2304 nobis
1025 2246 1210 2320 praesidium.

494 2333 580 2406 111811,
761 2350 790 2409 2.
813 2348 897 2408 Hauc
917 2355 983 2424 post
1006 2349 1067 2408 dies
1089 2366 1156 2408 suos
1178 2348 1267 2409 bonos

238 2415 285 2474 Sic
308 2416 369 2476 Deo
392 2418 573 2493 complacuit.
851 2434 994 2495 1mbutgm
1017 2435 1171 2494 virtutibus

815 2520 975 2583 Collocavit
995 2521 1074 2580 Deus
1096 2520 1186 2580 honos

856 2608 891 2666 In
913 2606 1034 2666 excelsis
1055 2605 1184 2666 sedibus.

761 2714 790 2773 3.
813 2709 877 2769 Hac
899 2709 947 2768 die
968 2709 1039 2768 haec
1061 2713 1155 2767 mente
1176 2726 1247 2769 sana

855 2795 995 2869 migravit
1015 2812 1032 2853 o
1053 2795 1178 2869 saeculo,

328 2554 514 2619 Respousoriu.

149 2656 174 2714 1.
197 2656 302 2730 Fulget
319 2657 379 2729 jam
402 2658 554 2719 virtutibus

200 2742 311 2802 Helena
331 2744 401 2802 satis
423 2745 511 2823 clare,

200 2827 278 2886 Deus
302 2828 395 2903 dignis
418 2831 551 2929 precibus
813 2882 921 2940 Romae
943 2881 991 2940 via
1012 2880 1157 2940 micam

199 2914 340 2973 Favorern
362 2916 425 2974 vult
442 2917 509 2976 hmc
531 2918 601 2978 darc

201 2999 240 3057 E,
262 3015 323 3058 eam
346 3002 489 3061 aalma,
855 2967 925 3027 Fuit
945 2967 1044 3026 clausa
1066 2966 1183 3026 tumulo.

136 3086 170 3146 V.
198 3085 278 3143 Hace
300 3083 354 3143 tuit
377 3087 492 3148 domina
513 3089 610 3148 mnndi
940 3085 1125 3150 Responsura

236 3170 276 3228 Et
298 3176 389 3229 mater
410 3173 532 3252 imperii,
759 3175 788 3234 l.
811 3173 865 3231 Die
888 3173 943 3232 hac
965 3172 1077 3231 Helena

201 3256 257 3314 Pcr
279 3257 353 3316 hanc
375 3258 472 3316 tristes
495 3266 561 3319 suut
575 3261 695 3334 jucundi
812 3259 951 3332 Migravit
972 3257 1093 3331 insignis

237 3342 276 3400 Et
299 3342 410 3401 reducti
434 3344 521 3416 devii,
812 3344 971 3405 Sanctitate
993 3343 1080 3419 plena

198 3427 398 3487 collaudemus
422 3429 495 3489 hanc
518 3448 592 3492 carc.
812 3430 853 3497 Et
874 3429 985 3489 cunctis
1008 3429 1149 3505 benignis,

145 3534 174 3590 2·
198 3531 221 3590 0
245 3531 364 3596 Helena,
749 3516 783 3576 V.
810 3516 922 3575 Munda
942 3514 1055 3590 plenius

196 3616 306 3675 Mundo
330 3615 435 3676 fulsisti
459 3618 550 3693 bonis,
812 3603 839 3661 Α
863 3600 973 3661 1111111111
995 3600 1137 3700 1111118111,

198 3701 281 3761 Nunc
302 3718 404 3763 serena
815 3687 930 3747 (11111111
951 3687 1037 3786 11111115
1108 3771 1115 3784 .
1158 3771 1164 3784 ¹

198 3786 249 3845 Sat
270 3789 377 3863 gaudes
400 3790 472 3849 coeli
495 3791 586 3865 donis,
811 3775 882 3835 0¹¹¹ss
901 3778 1010 3833 11111111
1032 3771 1190 3846 condrgms.

199 3872 260 3931 Vox
283 3891 403 3935 amoena
760 3881 789 3941 2.
813 3877 906 3950 Huius
927 3880 1044 3935 sanctae
1067 3873 1214 3948 reliquiae,

195 3958 237 4016 Te
257 3961 363 4020 mulcet
384 3962 464 4021 miris
486 3962 573 4036 souis,
811 3963 919 4022 Rerum
940 3961 1083 4035 quondam
1106 3959 1227 4037 locatae,

199 4044 273 4103 Tota
294 4047 381 4118 plena
815 4049 871 4108 Per
891 4046 1070 4106 sacerdotem
1092 4046 1177 4105 anxis

201 4129 425 4195 Benedictionis.
813 4132 961 4206 Quendam
982 4139 1050 4191 sunt
1070 4138 1237 4205 asportatae

137 4212 169 4272 V.
199 4215 290 4274 Nobis
312 4235 363 4277 ora
812 4218 935 4278 tuncne
956 4217 1089 4279 Remcnsi
1113 4218 1236 4294 patriae,

201 4301 232 4359 In
255 4304 361 4362 mundo
383 4303 527 4364 tribulatis
815 4302 976 4364 Virtutibus
997 4303 1137 4378 probatae

115 4384 116 4388 ’
199 4389 237 4449 Et
259 4389 383 4464 implora
813 4389 854 4450 Et
874 4389 963 4466 signis
985 4390 1137 4450 exaltatae.
