<?xml version="1.0" encoding="UTF-8"?>
<!DOCTYPE html PUBLIC "-//W3C//DTD XHTML 1.0 Transitional//EN"
    "http://www.w3.org/TR/xhtml1/DTD/xhtml1-transitional.dtd">
<html xmlns="http://www.w3.org/1999/xhtml" xml:lang="en" lang="en">
 <head>
  <title>
</title>
<meta http-equiv="Content-Type" content="text/html;charset=utf-8" />
  <meta name='ocr-system' content='tesseract 3.04.00' />
  <meta name='ocr-capabilities' content='ocr_page ocr_carea ocr_par ocr_line ocrx_word'/>
</head>
<body>
  <div class='ocr_page' id='page_1' title='image "./hymnodiahiberic00drevgoog_0397.png"; bbox 0 0 2918 4868; ppageno 0'>
   <div class='ocr_carea' id='block_1_1' title="bbox 640 280 872 346">
    <p class='ocr_par' dir='ltr' id='par_1_1' title="bbox 640 280 872 346">
     <span class='ocr_line' id='line_1_1' title="bbox 640 280 872 346; baseline -0.017 -15"><span class='ocrx_word' id='word_1_1' title='bbox 640 280 872 346; x_wconf 77' lang='lat'>..100-</span> 
     </span>
    </p>
   </div>
   <div class='ocr_carea' id='block_1_2' title="bbox 548 456 889 619">
    <p class='ocr_par' dir='ltr' id='par_1_2' title="bbox 548 456 889 619">
     <span class='ocr_line' id='line_1_2' title="bbox 548 456 834 517; baseline -0.007 0"><span class='ocrx_word' id='word_1_2' title='bbox 548 456 606 517; x_wconf 90' lang='lat' dir='ltr'><strong>Per</strong></span> <span class='ocrx_word' id='word_1_3' title='bbox 627 459 737 516; x_wconf 89' lang='lat' dir='ltr'><strong>arctam</strong></span> <span class='ocrx_word' id='word_1_4' title='bbox 759 456 834 516; x_wconf 80' lang='lat' dir='ltr'><strong>aiam</strong></span> 
     </span>
     <span class='ocr_line' id='line_1_3' title="bbox 588 540 889 619; baseline -0.007 -18"><span class='ocrx_word' id='word_1_5' title='bbox 588 541 666 616; x_wconf 79' lang='lat' dir='ltr'><strong>jugis</strong></span> <span class='ocrx_word' id='word_1_6' title='bbox 688 540 889 619; x_wconf 88' lang='lat' dir='ltr'><strong>poenitentiae,</strong></span> 
     </span>
    </p>
   </div>
   <div class='ocr_carea' id='block_1_3' title="bbox 552 627 719 690">
    <p class='ocr_par' dir='ltr' id='par_1_3' title="bbox 552 627 719 690">
     <span class='ocr_line' id='line_1_4' title="bbox 552 627 719 690; baseline -0.024 0"><span class='ocrx_word' id='word_1_7' title='bbox 552 627 719 690; x_wconf 75' lang='lat' dir='ltr'><strong>sanctitutis</strong></span> 
     </span>
    </p>
   </div>
   <div class='ocr_carea' id='block_1_4' title="bbox 550 711 956 957">
    <p class='ocr_par' dir='ltr' id='par_1_4' title="bbox 550 711 956 957">
     <span class='ocr_line' id='line_1_5' title="bbox 595 711 956 786; baseline -0.008 -14"><span class='ocrx_word' id='word_1_8' title='bbox 595 712 742 786; x_wconf 83' lang='lat' dir='ltr'><strong>exemplar</strong></span> <span class='ocrx_word' id='word_1_9' title='bbox 761 717 790 770; x_wconf 87' lang='lat' dir='ltr'><strong>et</strong></span> <span class='ocrx_word' id='word_1_10' title='bbox 809 711 956 786; x_wconf 87' lang='lat' dir='ltr'><strong>speculum</strong></span> 
     </span>
     <span class='ocr_line' id='line_1_6' title="bbox 550 798 826 859; baseline -0.011 0"><span class='ocrx_word' id='word_1_11' title='bbox 550 799 674 859; x_wconf 84' lang='lat' dir='ltr'><strong>Fructus</strong></span> <span class='ocrx_word' id='word_1_12' title='bbox 695 798 826 858; x_wconf 84' lang='lat' dir='ltr'><strong>ascendit</strong></span> 
     </span>
     <span class='ocr_line' id='line_1_7' title="bbox 592 883 918 957; baseline -0.006 -14"><span class='ocrx_word' id='word_1_13' title='bbox 592 889 623 943; x_wconf 92' lang='lat' dir='ltr'><strong>at</strong></span> <span class='ocrx_word' id='word_1_14' title='bbox 645 884 778 942; x_wconf 84' lang='lat' dir='ltr'>thronum</span> <span class='ocrx_word' id='word_1_15' title='bbox 801 883 918 957; x_wconf 78' lang='lat' dir='ltr'><strong>gloriae,</strong></span> 
     </span>
    </p>
   </div>
   <div class='ocr_carea' id='block_1_5' title="bbox 634 968 867 1042">
    <p class='ocr_par' dir='ltr' id='par_1_5' title="bbox 634 968 867 1042">
     <span class='ocr_line' id='line_1_8' title="bbox 634 968 867 1042; baseline -0.004 -13"><span class='ocrx_word' id='word_1_16' title='bbox 634 970 724 1041; x_wconf 77' lang='lat' dir='ltr'><strong>Quam</strong></span> <span class='ocrx_word' id='word_1_17' title='bbox 746 968 867 1042; x_wconf 72' lang='lat' dir='ltr'><strong>optavit.</strong></span> 
     </span>
    </p>
   </div>
   <div class='ocr_carea' id='block_1_6' title="bbox 168 1094 1361 1308">
    <p class='ocr_par' dir='ltr' id='par_1_6' title="bbox 168 1094 1361 1308">
     <span class='ocr_line' id='line_1_9' title="bbox 241 1094 1360 1171; baseline -0.005 -14"><span class='ocrx_word' id='word_1_18' title='bbox 241 1108 316 1157; x_wconf 86' lang='lat' dir='ltr'><strong>Brev.</strong></span> <span class='ocrx_word' id='word_1_19' title='bbox 340 1107 501 1171; x_wconf 78' lang='lat' dir='ltr'><strong>Segoviense</strong></span> <span class='ocrx_word' id='word_1_20' title='bbox 525 1106 586 1170; x_wconf 89' lang='lat' dir='ltr'><strong>imp.</strong></span> <span class='ocrx_word' id='word_1_21' title='bbox 610 1103 761 1154; x_wconf 84' lang='lat' dir='ltr'><strong>Valliacleti</strong></span> <span class='ocrx_word' id='word_1_22' title='bbox 787 1099 859 1153; x_wconf 80' lang='lat'>1527.</span> <span class='ocrx_word' id='word_1_23' title='bbox 886 1130 920 1138; x_wconf 96' lang='lat'><em>-</em></span> <span class='ocrx_word' id='word_1_24' title='bbox 938 1104 968 1151; x_wconf 87' lang='lat' dir='ltr'><strong>ln</strong></span> <span class='ocrx_word' id='word_1_25' title='bbox 990 1100 1011 1152; x_wconf 92' lang='lat' dir='ltr'><strong>l.</strong></span> <span class='ocrx_word' id='word_1_26' title='bbox 1030 1103 1105 1152; x_wconf 79' lang='lat' dir='ltr'><strong>Noct.</strong></span> <span class='ocrx_word' id='word_1_27' title='bbox 1124 1094 1143 1149; x_wconf 82' lang='lat' dir='ltr'>R</span> <span class='ocrx_word' id='word_1_28' title='bbox 1163 1098 1185 1161; x_wconf 91' lang='lat' dir='ltr'><strong>l,</strong></span> <span class='ocrx_word' id='word_1_29' title='bbox 1204 1097 1220 1150; x_wconf 81' lang='lat'><strong>3</strong></span> <span class='ocrx_word' id='word_1_30' title='bbox 1242 1102 1301 1151; x_wconf 83' lang='lat' dir='ltr'><strong>luit.</strong></span> <span class='ocrx_word' id='word_1_31' title='bbox 1325 1128 1360 1137; x_wconf 81' lang='lat'><em>-</em></span> 
     </span>
     <span class='ocr_line' id='line_1_10' title="bbox 173 1168 1361 1237; baseline -0.005 -11"><span class='ocrx_word' id='word_1_32' title='bbox 173 1177 203 1226; x_wconf 93' lang='lat' dir='ltr'><strong>ln</strong></span> <span class='ocrx_word' id='word_1_33' title='bbox 221 1174 245 1225; x_wconf 81' lang='lat'><strong>2.</strong></span> <span class='ocrx_word' id='word_1_34' title='bbox 264 1177 339 1225; x_wconf 77' lang='lat' dir='ltr'><strong>lt&#39;oot.</strong></span> <span class='ocrx_word' id='word_1_35' title='bbox 358 1169 378 1224; x_wconf 79' lang='lat' dir='ltr'>R</span> <span class='ocrx_word' id='word_1_36' title='bbox 399 1172 423 1234; x_wconf 75' lang='lat'><strong>3,</strong></span> <span class='ocrx_word' id='word_1_37' title='bbox 442 1171 459 1223; x_wconf 84' lang='lat'><strong>3</strong></span> <span class='ocrx_word' id='word_1_38' title='bbox 477 1174 594 1223; x_wconf 87' lang='lat' dir='ltr'><strong>moribus</strong></span> <span class='ocrx_word' id='word_1_39' title='bbox 612 1174 701 1237; x_wconf 85' lang='lat' dir='ltr'><strong>pestis.</strong></span> <span class='ocrx_word' id='word_1_40' title='bbox 719 1196 752 1206; x_wconf 95' lang='lat'>-</span> <span class='ocrx_word' id='word_1_41' title='bbox 771 1168 866 1220; x_wconf 84' lang='lat' dir='ltr'><strong>luder</strong></span> <span class='ocrx_word' id='word_1_42' title='bbox 884 1177 969 1220; x_wconf 85' lang='lat' dir='ltr'><strong>ersten</strong></span> <span class='ocrx_word' id='word_1_43' title='bbox 988 1170 1041 1220; x_wconf 83' lang='lat' dir='ltr'><strong>mid</strong></span> <span class='ocrx_word' id='word_1_44' title='bbox 1058 1170 1156 1220; x_wconf 80' lang='lat' dir='ltr'><strong>dritten</strong></span> <span class='ocrx_word' id='word_1_45' title='bbox 1174 1171 1296 1220; x_wconf 85' lang='lat' dir='ltr'><strong>Nocturn</strong></span> <span class='ocrx_word' id='word_1_46' title='bbox 1323 1173 1361 1221; x_wconf 81' lang='lat' dir='ltr'><strong>iat</strong></span> 
     </span>
     <span class='ocr_line' id='line_1_11' title="bbox 168 1238 885 1308; baseline -0.007 -14"><span class='ocrx_word' id='word_1_47' title='bbox 168 1244 197 1308; x_wconf 86' lang='lat' dir='ltr'><strong>je</strong></span> <span class='ocrx_word' id='word_1_48' title='bbox 216 1246 259 1295; x_wconf 89' lang='lat' dir='ltr'><strong>ein</strong></span> <span class='ocrx_word' id='word_1_49' title='bbox 278 1238 371 1305; x_wconf 74' lang='lat' dir='ltr'><strong>fildas</strong></span> <span class='ocrx_word' id='word_1_50' title='bbox 389 1243 468 1293; x_wconf 86' lang='lat' dir='ltr'><strong>dritte</strong></span> <span class='ocrx_word' id='word_1_51' title='bbox 487 1242 540 1292; x_wconf 90' lang='lat' dir='ltr'><strong>und</strong></span> <span class='ocrx_word' id='word_1_52' title='bbox 557 1241 605 1292; x_wconf 88' lang='lat' dir='ltr'><strong>das</strong></span> <span class='ocrx_word' id='word_1_53' title='bbox 623 1240 724 1303; x_wconf 83' lang='lat' dir='ltr'><strong>zweite)</strong></span> <span class='ocrx_word' id='word_1_54' title='bbox 741 1239 885 1305; x_wconf 87' lang='lat' dir='ltr'><strong>prosaisch.</strong></span> 
     </span>
    </p>
   </div>
   <div class='ocr_carea' id='block_1_7' title="bbox 496 1472 1027 1547">
    <p class='ocr_par' dir='ltr' id='par_1_7' title="bbox 496 1472 1027 1547">
     <span class='ocr_line' id='line_1_12' title="bbox 496 1472 1027 1547; baseline -0.006 -15"><span class='ocrx_word' id='word_1_55' title='bbox 496 1475 539 1532; x_wconf 76' lang='lat'><strong>34.</strong></span> <span class='ocrx_word' id='word_1_56' title='bbox 576 1475 614 1531; x_wconf 87' lang='lat' dir='ltr'><strong>lle</strong></span> <span class='ocrx_word' id='word_1_57' title='bbox 632 1472 816 1547; x_wconf 75' lang='lat' dir='ltr'><strong>stigmatibus</strong></span> <span class='ocrx_word' id='word_1_58' title='bbox 834 1489 855 1531; x_wconf 85' lang='lat' dir='ltr'><strong>s</strong></span> <span class='ocrx_word' id='word_1_59' title='bbox 876 1472 1027 1530; x_wconf 77' lang='lat' dir='ltr'><strong>braucisci.</strong></span> 
     </span>
    </p>
   </div>
   <div class='ocr_carea' id='block_1_8' title="bbox 298 1618 614 1802">
    <p class='ocr_par' dir='ltr' id='par_1_8' title="bbox 298 1618 614 1802">
     <span class='ocr_line' id='line_1_13' title="bbox 298 1618 614 1692; baseline 0 -13"><span class='ocrx_word' id='word_1_60' title='bbox 298 1622 339 1679; x_wconf 92' lang='lat' dir='ltr'><strong>ln</strong></span> <span class='ocrx_word' id='word_1_61' title='bbox 364 1621 391 1680; x_wconf 89' lang='lat' dir='ltr'><strong>l.</strong></span> <span class='ocrx_word' id='word_1_62' title='bbox 415 1618 614 1692; x_wconf 77' lang='lat' dir='ltr'><strong>vesperis</strong></span> 
     </span>
     <span class='ocr_line' id='line_1_14' title="bbox 369 1736 544 1802; baseline -0.006 -16"><span class='ocrx_word' id='word_1_63' title='bbox 369 1736 544 1802; x_wconf 76' lang='lat' dir='ltr'><strong>Antiphouae.</strong></span> 
     </span>
    </p>
   </div>
   <div class='ocr_carea' id='block_1_9' title="bbox 190 1840 639 2359">
    <p class='ocr_par' dir='ltr' id='par_1_9' title="bbox 190 1840 639 2359">
     <span class='ocr_line' id='line_1_15' title="bbox 190 1840 614 1914; baseline -0.017 -9"><span class='ocrx_word' id='word_1_64' title='bbox 190 1847 217 1905; x_wconf 92' lang='lat'><strong>1.</strong></span> <span class='ocrx_word' id='word_1_65' title='bbox 242 1842 412 1901; x_wconf 88' lang='lat' dir='ltr'><strong>Franciscus</strong></span> <span class='ocrx_word' id='word_1_66' title='bbox 434 1846 504 1914; x_wconf 88' lang='lat' dir='ltr'><strong>potu</strong></span> <span class='ocrx_word' id='word_1_67' title='bbox 526 1840 614 1899; x_wconf 87' lang='lat' dir='ltr'><strong>satius</strong></span> 
     </span>
     <span class='ocr_line' id='line_1_16' title="bbox 284 1926 626 1989; baseline -0.015 -1"><span class='ocrx_word' id='word_1_68' title='bbox 284 1930 354 1989; x_wconf 84' lang='lat' dir='ltr'><strong>Jesu</strong></span> <span class='ocrx_word' id='word_1_69' title='bbox 376 1926 511 1984; x_wconf 89' lang='lat' dir='ltr'><strong>torrentis</strong></span> <span class='ocrx_word' id='word_1_70' title='bbox 533 1926 626 1984; x_wconf 87' lang='lat' dir='ltr'><strong>crucis</strong></span> 
     </span>
     <span class='ocr_line' id='line_1_17' title="bbox 242 2012 617 2085; baseline -0.005 -14"><span class='ocrx_word' id='word_1_71' title='bbox 242 2012 367 2085; x_wconf 86' lang='lat' dir='ltr'><strong>Jesuque</strong></span> <span class='ocrx_word' id='word_1_72' title='bbox 389 2012 482 2085; x_wconf 78' lang='lat' dir='ltr'><strong>plagis</strong></span> <span class='ocrx_word' id='word_1_73' title='bbox 505 2012 617 2070; x_wconf 86' lang='lat' dir='ltr'><strong>saucius</strong></span> 
     </span>
     <span class='ocr_line' id='line_1_18' title="bbox 285 2096 636 2157; baseline -0.003 0"><span class='ocrx_word' id='word_1_74' title='bbox 285 2099 416 2157; x_wconf 88' lang='lat' dir='ltr'><strong>Meretur</strong></span> <span class='ocrx_word' id='word_1_75' title='bbox 438 2097 524 2157; x_wconf 88' lang='lat' dir='ltr'><strong>decus</strong></span> <span class='ocrx_word' id='word_1_76' title='bbox 546 2096 636 2156; x_wconf 89' lang='lat' dir='ltr'><strong>ducis.</strong></span> 
     </span>
     <span class='ocr_line' id='line_1_19' title="bbox 190 2199 639 2272; baseline -0.009 -11"><span class='ocrx_word' id='word_1_77' title='bbox 190 2204 219 2261; x_wconf 89' lang='lat'><strong>2.</strong></span> <span class='ocrx_word' id='word_1_78' title='bbox 243 2201 391 2261; x_wconf 84' lang='lat' dir='ltr'><strong>Francisci</strong></span> <span class='ocrx_word' id='word_1_79' title='bbox 414 2216 499 2259; x_wconf 88' lang='lat' dir='ltr'><strong>carne</strong></span> <span class='ocrx_word' id='word_1_80' title='bbox 522 2199 639 2272; x_wconf 86' lang='lat' dir='ltr'><strong>praevia</strong></span> 
     </span>
     <span class='ocr_line' id='line_1_20' title="bbox 286 2285 624 2359; baseline -0.009 -14"><span class='ocrx_word' id='word_1_81' title='bbox 286 2286 446 2359; x_wconf 85' lang='lat' dir='ltr'><strong>Splendore</strong></span> <span class='ocrx_word' id='word_1_82' title='bbox 466 2285 624 2343; x_wconf 79' lang='lat' dir='ltr'><strong>honestatis</strong></span> 
     </span>
    </p>
   </div>
   <div class='ocr_carea' id='block_1_10' title="bbox 243 2370 588 2529">
    <p class='ocr_par' dir='ltr' id='par_1_10' title="bbox 243 2370 588 2529">
     <span class='ocr_line' id='line_1_21' title="bbox 243 2370 545 2431; baseline -0.01 0"><span class='ocrx_word' id='word_1_83' title='bbox 243 2372 379 2431; x_wconf 86' lang='lat' dir='ltr'><strong>Miranda</strong></span> <span class='ocrx_word' id='word_1_84' title='bbox 400 2370 545 2429; x_wconf 67' lang='lat' dir='ltr'><strong>mirabilia</strong></span> 
     </span>
     <span class='ocr_line' id='line_1_22' title="bbox 287 2455 588 2529; baseline 0.003 -13"><span class='ocrx_word' id='word_1_85' title='bbox 287 2458 348 2516; x_wconf 82' lang='lat' dir='ltr'><strong>ltex</strong></span> <span class='ocrx_word' id='word_1_86' title='bbox 371 2455 440 2515; x_wconf 83' lang='lat' dir='ltr'><strong>fecit</strong></span> <span class='ocrx_word' id='word_1_87' title='bbox 463 2456 588 2529; x_wconf 79' lang='lat' dir='ltr'><strong>pietatis.</strong></span> 
     </span>
    </p>
   </div>
   <div class='ocr_carea' id='block_1_11' title="bbox 190 2559 704 2873">
    <p class='ocr_par' dir='ltr' id='par_1_11' title="bbox 190 2559 704 2873">
     <span class='ocr_line' id='line_1_23' title="bbox 190 2559 632 2632; baseline -0.005 -12"><span class='ocrx_word' id='word_1_88' title='bbox 190 2564 220 2621; x_wconf 89' lang='lat'><strong>3.</strong></span> <span class='ocrx_word' id='word_1_89' title='bbox 243 2559 414 2618; x_wconf 84' lang='lat' dir='ltr'><strong>Franciscus</strong></span> <span class='ocrx_word' id='word_1_90' title='bbox 436 2574 489 2632; x_wconf 92' lang='lat' dir='ltr'><strong>per</strong></span> <span class='ocrx_word' id='word_1_91' title='bbox 509 2559 632 2632; x_wconf 83' lang='lat' dir='ltr'><strong>insignia</strong></span> 
     </span>
     <span class='ocr_line' id='line_1_24' title="bbox 288 2643 704 2717; baseline -0.01 -13"><span class='ocrx_word' id='word_1_92' title='bbox 288 2646 363 2704; x_wconf 79' lang='lat' dir='ltr'><strong>Vere</strong></span> <span class='ocrx_word' id='word_1_93' title='bbox 384 2644 501 2715; x_wconf 82' lang='lat' dir='ltr'><strong>Christi,</strong></span> <span class='ocrx_word' id='word_1_94' title='bbox 526 2661 598 2717; x_wconf 86' lang='lat' dir='ltr'><strong>quae</strong></span> <span class='ocrx_word' id='word_1_95' title='bbox 620 2643 704 2717; x_wconf 82' lang='lat' dir='ltr'><strong>gerit,</strong></span> 
     </span>
     <span class='ocr_line' id='line_1_25' title="bbox 243 2730 578 2788; baseline 0 0"><span class='ocrx_word' id='word_1_96' title='bbox 243 2730 369 2788; x_wconf 83' lang='lat' dir='ltr'><strong>Aeterns</strong></span> <span class='ocrx_word' id='word_1_97' title='bbox 391 2731 419 2787; x_wconf 90' lang='lat' dir='ltr'><strong>in</strong></span> <span class='ocrx_word' id='word_1_98' title='bbox 442 2730 578 2788; x_wconf 87' lang='lat' dir='ltr'><strong>memoria</strong></span> 
     </span>
     <span class='ocr_line' id='line_1_26' title="bbox 286 2814 630 2873; baseline -0.009 0"><span class='ocrx_word' id='word_1_99' title='bbox 286 2815 396 2873; x_wconf 89' lang='lat' dir='ltr'><strong>Mundo</strong></span> <span class='ocrx_word' id='word_1_100' title='bbox 419 2814 544 2873; x_wconf 85' lang='lat' dir='ltr'><strong>famosus</strong></span> <span class='ocrx_word' id='word_1_101' title='bbox 566 2815 630 2872; x_wconf 90' lang='lat' dir='ltr'><strong>erit.</strong></span> 
     </span>
    </p>
   </div>
   <div class='ocr_carea' id='block_1_12' title="bbox 190 2917 686 3248">
    <p class='ocr_par' dir='ltr' id='par_1_12' title="bbox 190 2917 686 3248">
     <span class='ocr_line' id='line_1_27' title="bbox 190 2917 686 2982; baseline -0.008 -4"><span class='ocrx_word' id='word_1_102' title='bbox 190 2922 220 2982; x_wconf 82' lang='lat'><strong>4.</strong></span> <span class='ocrx_word' id='word_1_103' title='bbox 244 2917 429 2976; x_wconf 69' lang='lat' dir='ltr'><strong>Franciseum</strong></span> <span class='ocrx_word' id='word_1_104' title='bbox 452 2917 529 2975; x_wconf 91' lang='lat' dir='ltr'><strong>Deus</strong></span> <span class='ocrx_word' id='word_1_105' title='bbox 552 2917 686 2975; x_wconf 89' lang='lat' dir='ltr'><strong>humilem</strong></span> 
     </span>
     <span class='ocr_line' id='line_1_28' title="bbox 290 3003 657 3076; baseline -0.005 -14"><span class='ocrx_word' id='word_1_106' title='bbox 290 3004 426 3076; x_wconf 81' lang='lat' dir='ltr'><strong>Respexit</strong></span> <span class='ocrx_word' id='word_1_107' title='bbox 449 3003 657 3075; x_wconf 84' lang='lat' dir='ltr'><strong>perolementer</strong></span> 
     </span>
     <span class='ocr_line' id='line_1_29' title="bbox 244 3087 635 3162; baseline -0.005 -14"><span class='ocrx_word' id='word_1_108' title='bbox 244 3091 398 3162; x_wconf 80' lang='lat' dir='ltr'><strong>Ipsumque</strong></span> <span class='ocrx_word' id='word_1_109' title='bbox 420 3087 490 3146; x_wconf 89' lang='lat' dir='ltr'><strong>lecit</strong></span> <span class='ocrx_word' id='word_1_110' title='bbox 511 3088 635 3147; x_wconf 89' lang='lat' dir='ltr'><strong>nobilem</strong></span> 
     </span>
     <span class='ocr_line' id='line_1_30' title="bbox 287 3173 620 3248; baseline -0.006 -14"><span class='ocrx_word' id='word_1_111' title='bbox 287 3175 321 3234; x_wconf 92' lang='lat' dir='ltr'><strong>Iu</strong></span> <span class='ocrx_word' id='word_1_112' title='bbox 343 3174 432 3248; x_wconf 80' lang='lat' dir='ltr'><strong>siguis</strong></span> <span class='ocrx_word' id='word_1_113' title='bbox 453 3173 620 3238; x_wconf 87' lang='lat' dir='ltr'><strong>eminenter.</strong></span> 
     </span>
    </p>
   </div>
   <div class='ocr_carea' id='block_1_13' title="bbox 193 3276 671 3609">
    <p class='ocr_par' dir='ltr' id='par_1_13' title="bbox 193 3276 671 3609">
     <span class='ocr_line' id='line_1_31' title="bbox 193 3276 618 3339; baseline -0.007 0"><span class='ocrx_word' id='word_1_114' title='bbox 193 3282 219 3339; x_wconf 78' lang='lat'><strong>5.</strong></span> <span class='ocrx_word' id='word_1_115' title='bbox 243 3277 415 3337; x_wconf 84' lang='lat' dir='ltr'><strong>Franciscus</strong></span> <span class='ocrx_word' id='word_1_116' title='bbox 438 3276 618 3336; x_wconf 89' lang='lat' dir='ltr'><strong>benedicitur</strong></span> 
     </span>
     <span class='ocr_line' id='line_1_32' title="bbox 287 3362 640 3440; baseline -0.006 -16"><span class='ocrx_word' id='word_1_117' title='bbox 287 3363 404 3424; x_wconf 85' lang='lat' dir='ltr'><strong>Cunctis</strong></span> <span class='ocrx_word' id='word_1_118' title='bbox 427 3364 501 3423; x_wconf 86' lang='lat' dir='ltr'><strong>notis</strong></span> <span class='ocrx_word' id='word_1_119' title='bbox 524 3363 552 3420; x_wconf 88' lang='lat' dir='ltr'><strong>in</strong></span> <span class='ocrx_word' id='word_1_120' title='bbox 575 3362 640 3440; x_wconf 90' lang='lat' dir='ltr'><strong>isto,</strong></span> 
     </span>
     <span class='ocr_line' id='line_1_33' title="bbox 244 3447 589 3507; baseline 0.003 -1"><span class='ocrx_word' id='word_1_121' title='bbox 244 3449 319 3507; x_wconf 90' lang='lat' dir='ltr'><strong>Dum</strong></span> <span class='ocrx_word' id='word_1_122' title='bbox 341 3449 441 3507; x_wconf 90' lang='lat' dir='ltr'><strong>similis</strong></span> <span class='ocrx_word' id='word_1_123' title='bbox 464 3447 589 3507; x_wconf 80' lang='lat' dir='ltr'><strong>efficitur</strong></span> 
     </span>
     <span class='ocr_line' id='line_1_34' title="bbox 286 3532 671 3609; baseline 0.005 -15"><span class='ocrx_word' id='word_1_124' title='bbox 286 3535 320 3594; x_wconf 91' lang='lat' dir='ltr'><strong>In</strong></span> <span class='ocrx_word' id='word_1_125' title='bbox 343 3533 436 3609; x_wconf 81' lang='lat' dir='ltr'><strong>plagis</strong></span> <span class='ocrx_word' id='word_1_126' title='bbox 459 3551 525 3594; x_wconf 83' lang='lat' dir='ltr'><strong>vero</strong></span> <span class='ocrx_word' id='word_1_127' title='bbox 548 3532 671 3596; x_wconf 86' lang='lat' dir='ltr'><strong>Christo.</strong></span> 
     </span>
    </p>
   </div>
   <div class='ocr_carea' id='block_1_14' title="bbox 352 3686 570 3753">
    <p class='ocr_par' dir='ltr' id='par_1_14' title="bbox 352 3686 570 3753">
     <span class='ocr_line' id='line_1_35' title="bbox 352 3686 570 3753; baseline -0.005 -16"><span class='ocrx_word' id='word_1_128' title='bbox 352 3686 392 3737; x_wconf 79' lang='lat' dir='ltr'><strong>Ad</strong></span> <span class='ocrx_word' id='word_1_129' title='bbox 409 3686 570 3753; x_wconf 77' lang='lat' dir='ltr'><strong>Magnificat</strong></span> 
     </span>
    </p>
   </div>
   <div class='ocr_carea' id='block_1_15' title="bbox 185 3790 674 4035">
    <p class='ocr_par' dir='ltr' id='par_1_15' title="bbox 185 3790 674 4035">
     <span class='ocr_line' id='line_1_36' title="bbox 185 3790 568 3867; baseline -0.005 -17"><span class='ocrx_word' id='word_1_130' title='bbox 185 3793 219 3851; x_wconf 81' lang='lat' dir='ltr'><strong>A.</strong></span> <span class='ocrx_word' id='word_1_131' title='bbox 250 3790 413 3867; x_wconf 86' lang='lat' dir='ltr'><strong>Francisce,</strong></span> <span class='ocrx_word' id='word_1_132' title='bbox 438 3791 568 3865; x_wconf 80' lang='lat' dir='ltr'><strong>cognatio</strong></span> 
     </span>
     <span class='ocr_line' id='line_1_37' title="bbox 289 3876 674 3952; baseline -0.005 -15"><span class='ocrx_word' id='word_1_133' title='bbox 289 3878 367 3949; x_wconf 87' lang='lat' dir='ltr'><strong>Jesu,</strong></span> <span class='ocrx_word' id='word_1_134' title='bbox 391 3892 474 3950; x_wconf 89' lang='lat' dir='ltr'><strong>quem</strong></span> <span class='ocrx_word' id='word_1_135' title='bbox 496 3876 674 3952; x_wconf 80' lang='lat' dir='ltr'><strong>praediligis,</strong></span> 
     </span>
     <span class='ocr_line' id='line_1_38' title="bbox 331 3962 641 4035; baseline -0.003 -14"><span class='ocrx_word' id='word_1_136' title='bbox 331 3963 373 4021; x_wconf 88' lang='lat' dir='ltr'><strong>Te</strong></span> <span class='ocrx_word' id='word_1_137' title='bbox 395 3962 527 4034; x_wconf 82' lang='lat' dir='ltr'><strong>percelsa</strong></span> <span class='ocrx_word' id='word_1_138' title='bbox 547 3962 641 4035; x_wconf 77' lang='lat' dir='ltr'><strong>gratis</strong></span> 
     </span>
    </p>
   </div>
   <div class='ocr_carea' id='block_1_16' title="bbox 374 4047 729 4119">
    <p class='ocr_par' dir='ltr' id='par_1_16' title="bbox 374 4047 729 4119">
     <span class='ocr_line' id='line_1_39' title="bbox 374 4047 729 4119; baseline -0.008 -12"><span class='ocrx_word' id='word_1_139' title='bbox 374 4049 448 4107; x_wconf 86' lang='lat' dir='ltr'><strong>Prae</strong></span> <span class='ocrx_word' id='word_1_140' title='bbox 470 4048 579 4104; x_wconf 85' lang='lat' dir='ltr'><strong>cunctis</strong></span> <span class='ocrx_word' id='word_1_141' title='bbox 598 4047 729 4119; x_wconf 87' lang='lat' dir='ltr'><strong>honorat,</strong></span> 
     </span>
    </p>
   </div>
   <div class='ocr_carea' id='block_1_17' title="bbox 246 4132 682 4453">
    <p class='ocr_par' dir='ltr' id='par_1_17' title="bbox 246 4132 682 4453">
     <span class='ocr_line' id='line_1_40' title="bbox 246 4132 590 4207; baseline -0.003 -16"><span class='ocrx_word' id='word_1_142' title='bbox 246 4134 299 4207; x_wconf 77' lang='lat' dir='ltr'><strong>Qui</strong></span> <span class='ocrx_word' id='word_1_143' title='bbox 322 4138 382 4191; x_wconf 90' lang='lat' dir='ltr'><strong>toto</strong></span> <span class='ocrx_word' id='word_1_144' title='bbox 405 4133 472 4192; x_wconf 90' lang='lat' dir='ltr'><strong>dum</strong></span> <span class='ocrx_word' id='word_1_145' title='bbox 495 4132 590 4191; x_wconf 90' lang='lat' dir='ltr'><strong>studio</strong></span> 
     </span>
     <span class='ocr_line' id='line_1_41' title="bbox 289 4217 614 4291; baseline -0.006 -13"><span class='ocrx_word' id='word_1_146' title='bbox 289 4219 396 4278; x_wconf 89' lang='lat' dir='ltr'><strong>Corin</strong></span> <span class='ocrx_word' id='word_1_147' title='bbox 419 4234 481 4276; x_wconf 91' lang='lat' dir='ltr'><strong>cnm</strong></span> <span class='ocrx_word' id='word_1_148' title='bbox 505 4217 614 4291; x_wconf 79' lang='lat' dir='ltr'><strong>dirigis,</strong></span> 
     </span>
     <span class='ocr_line' id='line_1_42' title="bbox 333 4303 635 4379; baseline 0 -17"><span class='ocrx_word' id='word_1_149' title='bbox 333 4304 375 4362; x_wconf 90' lang='lat' dir='ltr'><strong>Te</strong></span> <span class='ocrx_word' id='word_1_150' title='bbox 396 4304 482 4379; x_wconf 80' lang='lat' dir='ltr'><strong>plaga</strong></span> <span class='ocrx_word' id='word_1_151' title='bbox 504 4303 635 4378; x_wconf 84' lang='lat' dir='ltr'><strong>quinaria</strong></span> 
     </span>
     <span class='ocr_line' id='line_1_43' title="bbox 372 4389 682 4453; baseline 0.01 -3"><span class='ocrx_word' id='word_1_152' title='bbox 372 4389 533 4451; x_wconf 84' lang='lat' dir='ltr'><strong>Clementer</strong></span> <span class='ocrx_word' id='word_1_153' title='bbox 555 4395 682 4453; x_wconf 87' lang='lat' dir='ltr'><strong>coronat.</strong></span> 
     </span>
    </p>
   </div>
   <div class='ocr_carea' id='block_1_18' title="bbox 855 1614 1231 1912">
    <p class='ocr_par' dir='ltr' id='par_1_18' title="bbox 855 1614 1231 1912">
     <span class='ocr_line' id='line_1_44' title="bbox 914 1614 1231 1677; baseline 0.009 -3"><span class='ocrx_word' id='word_1_154' title='bbox 914 1616 969 1674; x_wconf 88' lang='lat' dir='ltr'><strong>Ad</strong></span> <span class='ocrx_word' id='word_1_155' title='bbox 991 1614 1231 1677; x_wconf 87' lang='lat' dir='ltr'><strong>Matutinum.</strong></span> 
     </span>
     <span class='ocr_line' id='line_1_45' title="bbox 974 1735 1168 1784; baseline -0.015 0"><span class='ocrx_word' id='word_1_156' title='bbox 974 1735 1168 1784; x_wconf 83' lang='lat' dir='ltr'><strong>Invitatorinm.</strong></span> 
     </span>
     <span class='ocr_line' id='line_1_46' title="bbox 855 1836 1230 1912; baseline 0.005 -19"><span class='ocrx_word' id='word_1_157' title='bbox 855 1836 1004 1898; x_wconf 81' lang='lat' dir='ltr'><strong>Fraricisci</strong></span> <span class='ocrx_word' id='word_1_158' title='bbox 1026 1838 1056 1895; x_wconf 89' lang='lat' dir='ltr'><strong>in</strong></span> <span class='ocrx_word' id='word_1_159' title='bbox 1078 1837 1230 1912; x_wconf 88' lang='lat' dir='ltr'><strong>praeconio</strong></span> 
     </span>
    </p>
   </div>
   <div class='ocr_carea' id='block_1_19' title="bbox 898 1921 1211 1997">
    <p class='ocr_par' dir='ltr' id='par_1_19' title="bbox 898 1921 1211 1997">
     <span class='ocr_line' id='line_1_47' title="bbox 898 1921 1211 1997; baseline -0.01 -14"><span class='ocrx_word' id='word_1_160' title='bbox 898 1925 982 1984; x_wconf 86' lang='lat' dir='ltr'><strong>Jesus</strong></span> <span class='ocrx_word' id='word_1_161' title='bbox 1004 1921 1211 1997; x_wconf 78' lang='lat' dir='ltr'><strong>magnificetur,</strong></span> 
     </span>
    </p>
   </div>
   <div class='ocr_carea' id='block_1_20' title="bbox 856 2009 1344 2168">
    <p class='ocr_par' dir='ltr' id='par_1_20' title="bbox 856 2009 1344 2168">
     <span class='ocr_line' id='line_1_48' title="bbox 856 2009 1181 2084; baseline -0.015 -14"><span class='ocrx_word' id='word_1_162' title='bbox 856 2011 1009 2084; x_wconf 80' lang='lat' dir='ltr'><strong>Plagarum</strong></span> <span class='ocrx_word' id='word_1_163' title='bbox 1030 2009 1181 2082; x_wconf 78' lang='lat' dir='ltr'><strong>privilegio</strong></span> 
     </span>
     <span class='ocr_line' id='line_1_49' title="bbox 899 2093 1344 2168; baseline 0.004 -14"><span class='ocrx_word' id='word_1_164' title='bbox 899 2097 955 2154; x_wconf 91' lang='lat' dir='ltr'><strong>Per</strong></span> <span class='ocrx_word' id='word_1_165' title='bbox 977 2110 1060 2168; x_wconf 87' lang='lat' dir='ltr'><strong>quem</strong></span> <span class='ocrx_word' id='word_1_166' title='bbox 1082 2095 1185 2168; x_wconf 78' lang='lat' dir='ltr'><strong>dignus</strong></span> <span class='ocrx_word' id='word_1_167' title='bbox 1208 2093 1344 2158; x_wconf 89' lang='lat' dir='ltr'><strong>habetur.</strong></span> 
     </span>
    </p>
   </div>
   <div class='ocr_carea' id='block_1_21' title="bbox 910 2283 1235 2467">
    <p class='ocr_par' dir='ltr' id='par_1_21' title="bbox 910 2283 1235 2467">
     <span class='ocr_line' id='line_1_50' title="bbox 910 2283 1235 2344; baseline -0.006 0"><span class='ocrx_word' id='word_1_168' title='bbox 910 2285 951 2344; x_wconf 91' lang='lat' dir='ltr'><strong>In</strong></span> <span class='ocrx_word' id='word_1_169' title='bbox 977 2285 1002 2344; x_wconf 93' lang='lat'><strong>1.</strong></span> <span class='ocrx_word' id='word_1_170' title='bbox 1027 2283 1235 2342; x_wconf 80' lang='lat' dir='ltr'><strong>Nocturna.</strong></span> 
     </span>
     <span class='ocr_line' id='line_1_51' title="bbox 984 2400 1159 2467; baseline -0.017 -15"><span class='ocrx_word' id='word_1_171' title='bbox 984 2400 1159 2467; x_wconf 79' lang='lat' dir='ltr'><strong>Antiphonae.</strong></span> 
     </span>
    </p>
   </div>
   <div class='ocr_carea' id='block_1_22' title="bbox 806 2505 1232 2837">
    <p class='ocr_par' dir='ltr' id='par_1_22' title="bbox 806 2505 1216 2578">
     <span class='ocr_line' id='line_1_52' title="bbox 806 2505 1216 2578; baseline -0.01 -12"><span class='ocrx_word' id='word_1_172' title='bbox 806 2507 833 2568; x_wconf 93' lang='lat'><strong>1.</strong></span> <span class='ocrx_word' id='word_1_173' title='bbox 857 2508 1006 2567; x_wconf 88' lang='lat' dir='ltr'><strong>Francisci</strong></span> <span class='ocrx_word' id='word_1_174' title='bbox 1028 2509 1097 2567; x_wconf 77' lang='lat' dir='ltr'><strong>besu</strong></span> <span class='ocrx_word' id='word_1_175' title='bbox 1121 2505 1216 2578; x_wconf 86' lang='lat' dir='ltr'><strong>psssio</strong></span> 
     </span>
    </p>

    <p class='ocr_par' dir='ltr' id='par_1_23' title="bbox 898 2590 1232 2664">
     <span class='ocr_line' id='line_1_53' title="bbox 898 2590 1232 2664; baseline -0.012 -13"><span class='ocrx_word' id='word_1_176' title='bbox 898 2592 979 2664; x_wconf 69' lang='lat' dir='ltr'><strong>Quod</strong></span> <span class='ocrx_word' id='word_1_177' title='bbox 1001 2590 1056 2650; x_wconf 90' lang='lat' dir='ltr'><strong>fuit</strong></span> <span class='ocrx_word' id='word_1_178' title='bbox 1078 2591 1232 2661; x_wconf 81' lang='lat' dir='ltr'><strong>voluntate,</strong></span> 
     </span>
    </p>

    <p class='ocr_par' dir='ltr' id='par_1_24' title="bbox 856 2674 1229 2837">
     <span class='ocr_line' id='line_1_54' title="bbox 856 2674 1229 2750; baseline -0.013 -13"><span class='ocrx_word' id='word_1_179' title='bbox 856 2678 997 2737; x_wconf 75' lang='lat' dir='ltr'><strong>Probatur</strong></span> <span class='ocrx_word' id='word_1_180' title='bbox 1019 2676 1119 2750; x_wconf 91' lang='lat' dir='ltr'><strong>procul</strong></span> <span class='ocrx_word' id='word_1_181' title='bbox 1142 2674 1229 2733; x_wconf 91' lang='lat' dir='ltr'><strong>dubio</strong></span> 
     </span>
     <span class='ocr_line' id='line_1_55' title="bbox 898 2762 1203 2837; baseline 0 -14"><span class='ocrx_word' id='word_1_182' title='bbox 898 2764 1050 2837; x_wconf 80' lang='lat' dir='ltr'><strong>Plagornm</strong></span> <span class='ocrx_word' id='word_1_183' title='bbox 1072 2762 1203 2823; x_wconf 79' lang='lat' dir='ltr'><strong>ueritate.</strong></span> 
     </span>
    </p>
   </div>
   <div class='ocr_carea' id='block_1_23' title="bbox 807 2864 1356 3194">
    <p class='ocr_par' dir='ltr' id='par_1_25' title="bbox 807 2864 1356 3194">
     <span class='ocr_line' id='line_1_56' title="bbox 807 2864 1287 2936; baseline -0.013 -9"><span class='ocrx_word' id='word_1_184' title='bbox 807 2872 835 2927; x_wconf 81' lang='lat'><strong>2.</strong></span> <span class='ocrx_word' id='word_1_185' title='bbox 860 2865 1008 2926; x_wconf 86' lang='lat' dir='ltr'><strong>Francisci</strong></span> <span class='ocrx_word' id='word_1_186' title='bbox 1031 2870 1130 2923; x_wconf 87' lang='lat' dir='ltr'><strong>contra</strong></span> <span class='ocrx_word' id='word_1_187' title='bbox 1151 2864 1287 2936; x_wconf 80' lang='lat' dir='ltr'><strong>stigmata</strong></span> 
     </span>
     <span class='ocr_line' id='line_1_57' title="bbox 898 2949 1268 3024; baseline -0.011 -14"><span class='ocrx_word' id='word_1_188' title='bbox 898 2951 963 3010; x_wconf 86' lang='lat' dir='ltr'><strong>Jam</strong></span> <span class='ocrx_word' id='word_1_189' title='bbox 986 2951 1081 3009; x_wconf 91' lang='lat' dir='ltr'><strong>nullus</strong></span> <span class='ocrx_word' id='word_1_190' title='bbox 1102 2949 1268 3024; x_wconf 88' lang='lat' dir='ltr'><strong>meditetur,</strong></span> 
     </span>
     <span class='ocr_line' id='line_1_58' title="bbox 857 3033 1356 3110; baseline -0.004 -16"><span class='ocrx_word' id='word_1_191' title='bbox 857 3036 930 3096; x_wconf 86' lang='lat' dir='ltr'><strong>Nom</strong></span> <span class='ocrx_word' id='word_1_192' title='bbox 954 3036 1060 3095; x_wconf 86' lang='lat' dir='ltr'><strong>Christi</strong></span> <span class='ocrx_word' id='word_1_193' title='bbox 1083 3043 1150 3093; x_wconf 91' lang='lat' dir='ltr'><strong>sunt</strong></span> <span class='ocrx_word' id='word_1_194' title='bbox 1171 3033 1356 3110; x_wconf 83' lang='lat' dir='ltr'><strong>charismata,</strong></span> 
     </span>
     <span class='ocr_line' id='line_1_59' title="bbox 899 3119 1256 3194; baseline -0.011 -14"><span class='ocrx_word' id='word_1_195' title='bbox 899 3123 962 3180; x_wconf 88' lang='lat' dir='ltr'><strong>Hoc</strong></span> <span class='ocrx_word' id='word_1_196' title='bbox 984 3123 1075 3180; x_wconf 83' lang='lat' dir='ltr'><strong>Roma</strong></span> <span class='ocrx_word' id='word_1_197' title='bbox 1096 3119 1256 3194; x_wconf 89' lang='lat' dir='ltr'><strong>profitetur.</strong></span> 
     </span>
    </p>
   </div>
   <div class='ocr_carea' id='block_1_24' title="bbox 806 3222 1260 3555">
    <p class='ocr_par' dir='ltr' id='par_1_26' title="bbox 806 3222 1260 3555">
     <span class='ocr_line' id='line_1_60' title="bbox 806 3222 1224 3297; baseline -0.01 -11"><span class='ocrx_word' id='word_1_198' title='bbox 806 3230 834 3287; x_wconf 82' lang='lat'><strong>3.</strong></span> <span class='ocrx_word' id='word_1_199' title='bbox 859 3224 1007 3283; x_wconf 80' lang='lat' dir='ltr'><strong>Francisci</strong></span> <span class='ocrx_word' id='word_1_200' title='bbox 1027 3223 1111 3282; x_wconf 87' lang='lat' dir='ltr'><strong>Jesns</strong></span> <span class='ocrx_word' id='word_1_201' title='bbox 1133 3222 1224 3297; x_wconf 77' lang='lat' dir='ltr'><strong>gloria</strong></span> 
     </span>
     <span class='ocr_line' id='line_1_61' title="bbox 900 3307 1260 3379; baseline -0.003 -10"><span class='ocrx_word' id='word_1_202' title='bbox 900 3311 985 3369; x_wconf 89' lang='lat' dir='ltr'><strong>Hunc</strong></span> <span class='ocrx_word' id='word_1_203' title='bbox 1007 3309 1091 3368; x_wconf 89' lang='lat' dir='ltr'><strong>nimis</strong></span> <span class='ocrx_word' id='word_1_204' title='bbox 1114 3307 1260 3379; x_wconf 78' lang='lat' dir='ltr'><strong>exultavit,</strong></span> 
     </span>
     <span class='ocr_line' id='line_1_62' title="bbox 858 3393 1259 3470; baseline -0.01 -15"><span class='ocrx_word' id='word_1_205' title='bbox 858 3395 929 3455; x_wconf 90' lang='lat' dir='ltr'><strong>Cum</strong></span> <span class='ocrx_word' id='word_1_206' title='bbox 951 3396 1114 3470; x_wconf 77' lang='lat' dir='ltr'><strong>stigmatum</strong></span> <span class='ocrx_word' id='word_1_207' title='bbox 1136 3393 1259 3468; x_wconf 79' lang='lat' dir='ltr'><strong>insignia</strong></span> 
     </span>
     <span class='ocr_line' id='line_1_63' title="bbox 899 3480 1155 3555; baseline -0.004 -14"><span class='ocrx_word' id='word_1_208' title='bbox 899 3482 936 3541; x_wconf 87' lang='lat' dir='ltr'><strong>Ei</strong></span> <span class='ocrx_word' id='word_1_209' title='bbox 958 3481 1006 3555; x_wconf 83' lang='lat' dir='ltr'><strong>pia</strong></span> <span class='ocrx_word' id='word_1_210' title='bbox 1028 3480 1155 3540; x_wconf 86' lang='lat' dir='ltr'><strong>donavit.</strong></span> 
     </span>
    </p>
   </div>
   <div class='ocr_carea' id='block_1_25' title="bbox 805 3615 1328 4192">
    <p class='ocr_par' dir='ltr' id='par_1_27' title="bbox 805 3615 1328 4192">
     <span class='ocr_line' id='line_1_64' title="bbox 980 3615 1165 3681; baseline -0.022 -14"><span class='ocrx_word' id='word_1_211' title='bbox 980 3615 1165 3681; x_wconf 80' lang='lat' dir='ltr'><strong>Responsoria.</strong></span> 
     </span>
     <span class='ocr_line' id='line_1_65' title="bbox 805 3700 1279 3779; baseline -0.019 -14"><span class='ocrx_word' id='word_1_212' title='bbox 805 3704 834 3765; x_wconf 95' lang='lat'><strong>1.</strong></span> <span class='ocrx_word' id='word_1_213' title='bbox 856 3703 1037 3779; x_wconf 80' lang='lat' dir='ltr'><strong>Franciscus,</strong></span> <span class='ocrx_word' id='word_1_214' title='bbox 1061 3703 1104 3762; x_wconf 86' lang='lat' dir='ltr'><strong>vir</strong></span> <span class='ocrx_word' id='word_1_215' title='bbox 1125 3700 1279 3776; x_wconf 82' lang='lat' dir='ltr'><strong>angelicus,</strong></span> 
     </span>
     <span class='ocr_line' id='line_1_66' title="bbox 900 3787 1178 3862; baseline -0.007 -15"><span class='ocrx_word' id='word_1_216' title='bbox 900 3791 1025 3862; x_wconf 83' lang='lat' dir='ltr'><strong>Angelos</strong></span> <span class='ocrx_word' id='word_1_217' title='bbox 1046 3787 1178 3847; x_wconf 86' lang='lat' dir='ltr'><strong>venerari</strong></span> 
     </span>
     <span class='ocr_line' id='line_1_67' title="bbox 859 3871 1274 3934; baseline -0.017 0"><span class='ocrx_word' id='word_1_218' title='bbox 859 3874 962 3934; x_wconf 87' lang='lat' dir='ltr'><strong>Studet</strong></span> <span class='ocrx_word' id='word_1_219' title='bbox 984 3883 1013 3933; x_wconf 90' lang='lat' dir='ltr'><strong>et</strong></span> <span class='ocrx_word' id='word_1_220' title='bbox 1034 3880 1129 3933; x_wconf 91' lang='lat' dir='ltr'><strong>mente</strong></span> <span class='ocrx_word' id='word_1_221' title='bbox 1151 3871 1274 3930; x_wconf 87' lang='lat' dir='ltr'><strong>coelicus</strong></span> 
     </span>
     <span class='ocr_line' id='line_1_68' title="bbox 902 3956 1276 4027; baseline -0.019 -7"><span class='ocrx_word' id='word_1_222' title='bbox 902 3961 970 4020; x_wconf 85' lang='lat' dir='ltr'><strong>Vult</strong></span> <span class='ocrx_word' id='word_1_223' title='bbox 993 3976 1105 4018; x_wconf 87' lang='lat' dir='ltr'><strong>carnem</strong></span> <span class='ocrx_word' id='word_1_224' title='bbox 1128 3956 1276 4027; x_wconf 87' lang='lat' dir='ltr'><strong>macerari,</strong></span> 
     </span>
     <span class='ocr_line' id='line_1_69' title="bbox 858 4041 1328 4115; baseline -0.017 -9"><span class='ocrx_word' id='word_1_225' title='bbox 858 4049 923 4108; x_wconf 74' lang='lat' dir='ltr'><strong>,lam</strong></span> <span class='ocrx_word' id='word_1_226' title='bbox 944 4062 1044 4104; x_wconf 85' lang='lat' dir='ltr'><strong>servus</strong></span> <span class='ocrx_word' id='word_1_227' title='bbox 1066 4044 1172 4104; x_wconf 86' lang='lat' dir='ltr'><strong>Christi</strong></span> <span class='ocrx_word' id='word_1_228' title='bbox 1196 4041 1328 4115; x_wconf 89' lang='lat' dir='ltr'><strong>publicus</strong></span> 
     </span>
     <span class='ocr_line' id='line_1_70' title="bbox 902 4127 1288 4192; baseline -0.003 -1"><span class='ocrx_word' id='word_1_229' title='bbox 902 4134 936 4192; x_wconf 92' lang='lat' dir='ltr'><strong>ln</strong></span> <span class='ocrx_word' id='word_1_230' title='bbox 959 4132 1073 4191; x_wconf 90' lang='lat' dir='ltr'><strong>Christo</strong></span> <span class='ocrx_word' id='word_1_231' title='bbox 1096 4130 1157 4190; x_wconf 86' lang='lat' dir='ltr'><strong>vult</strong></span> <span class='ocrx_word' id='word_1_232' title='bbox 1177 4127 1288 4190; x_wconf 75' lang='lat' dir='ltr'><strong>lactant</strong></span> 
     </span>
    </p>
   </div>
   <div class='ocr_carea' id='block_1_26' title="bbox 795 4212 1322 4282">
    <p class='ocr_par' dir='ltr' id='par_1_28' title="bbox 795 4212 1322 4282">
     <span class='ocr_line' id='line_1_71' title="bbox 795 4212 1322 4282; baseline -0.013 -6"><span class='ocrx_word' id='word_1_233' title='bbox 795 4217 829 4278; x_wconf 79' lang='lat' dir='ltr'><strong>v,</strong></span> <span class='ocrx_word' id='word_1_234' title='bbox 860 4218 935 4276; x_wconf 89' lang='lat' dir='ltr'><strong>Huic</strong></span> <span class='ocrx_word' id='word_1_235' title='bbox 956 4222 1033 4275; x_wconf 86' lang='lat' dir='ltr'><strong>tot-ns</strong></span> <span class='ocrx_word' id='word_1_236' title='bbox 1055 4216 1176 4274; x_wconf 90' lang='lat' dir='ltr'><strong>mundns</strong></span> <span class='ocrx_word' id='word_1_237' title='bbox 1198 4212 1322 4282; x_wconf 80' lang='lat' dir='ltr'><strong>fellicus,</strong></span> 
     </span>
    </p>
   </div>
   <div class='ocr_carea' id='block_1_27' title="bbox 859 4299 1322 4459">
    <p class='ocr_par' dir='ltr' id='par_1_29' title="bbox 859 4299 1322 4459">
     <span class='ocr_line' id='line_1_72' title="bbox 859 4299 1297 4369; baseline -0.011 -8"><span class='ocrx_word' id='word_1_238' title='bbox 859 4303 934 4361; x_wconf 87' lang='lat' dir='ltr'><strong>Huic</strong></span> <span class='ocrx_word' id='word_1_239' title='bbox 956 4303 1033 4361; x_wconf 92' lang='lat' dir='ltr'><strong>solus</strong></span> <span class='ocrx_word' id='word_1_240' title='bbox 1055 4302 1139 4361; x_wconf 79' lang='lat' dir='ltr'><strong>lesus</strong></span> <span class='ocrx_word' id='word_1_241' title='bbox 1158 4299 1297 4369; x_wconf 87' lang='lat' dir='ltr'><strong>melliens,</strong></span> 
     </span>
     <span class='ocr_line' id='line_1_73' title="bbox 900 4385 1322 4459; baseline -0.009 -11"><span class='ocrx_word' id='word_1_242' title='bbox 900 4389 985 4448; x_wconf 80' lang='lat' dir='ltr'><strong>Hmic</strong></span> <span class='ocrx_word' id='word_1_243' title='bbox 1006 4388 1103 4447; x_wconf 84' lang='lat' dir='ltr'><strong>studet</strong></span> <span class='ocrx_word' id='word_1_244' title='bbox 1124 4385 1322 4459; x_wconf 79' lang='lat' dir='ltr'><strong>contemplari</strong></span> 
     </span>
    </p>
   </div>
   <div class='ocr_carea' id='block_1_28' title="bbox 0 0 1464 4868">
    <p class='ocr_par' dir='ltr' id='par_1_30' title="bbox 0 0 1464 4868">
     <span class='ocr_line' id='line_1_74' title="bbox 0 0 1464 4868; baseline 0 0"><span class='ocrx_word' id='word_1_245' title='bbox 0 0 1464 4868; x_wconf 95' lang='lat' dir='ltr'><strong> </strong></span> 
     </span>
    </p>
   </div>
  </div>
 </body>
</html>
