2918 4868
623 264 834 330 ,31-

564 468 589 525 9.
625 468 663 525 lle
683 465 794 524 Nomine
811 467 887 524 lesu.

614 589 657 643 Ad
675 589 846 645 Nocturnum.

140 716 168 775 1.
193 715 217 774 0
241 716 299 773 vita
320 717 391 775 lesu
414 714 552 786 cordium,
759 717 788 776 3.
810 713 889 790 Jesu,
910 713 967 771 reis
989 727 1055 785 spes
1077 711 1170 782 unica,

193 800 274 858 Dans
297 816 365 858 nera
387 799 470 858 nobis
489 800 604 872 gaudia,
811 799 836 859 Ο
858 815 942 873 quam
964 799 1029 871 pius
1051 796 1223 875 petentibus,

193 886 268 959 Quin
291 886 374 944 melle
397 902 509 958 semper
532 885 644 944 dulcior
810 886 939 957 equam
962 884 1053 942 bonus
1074 881 1285 959 quaerentibus,

193 971 278 1029 lesus
300 970 332 1028 fit
355 972 577 1044 inpraesentia.
808 970 912 1029 Verum
935 968 1004 1043 quid
1027 967 1257 1041 adsequeutibus.

139 1078 169 1135 2.
195 1074 244 1131 Nil
266 1073 363 1147 lingua
384 1072 496 1146 profert
518 1074 652 1145 sanctius,
757 1077 785 1132 4.
808 1072 896 1131 Nulla
917 1072 1043 1143 explicat
1065 1069 1209 1142 facundia,

196 1159 246 1217 Nil
268 1160 346 1217 auris
368 1159 450 1217 audit
471 1160 589 1232 gratius,
808 1157 910 1215 Nullus
933 1157 1082 1216 character
1103 1154 1246 1228 exprimit,

195 1244 245 1302 Nil
266 1245 372 1318 cogitat
394 1261 473 1303 mens
495 1245 615 1313 dulcius,
806 1243 951 1316 Expertus
973 1247 1068 1301 autem
1091 1241 1222 1299 concinet

196 1330 245 1388 Nil
269 1346 319 1388 cor
339 1337 417 1389 amat
438 1331 639 1403 praestantius.
809 1328 907 1387 Jesum
930 1327 1049 1387 colentis
1071 1327 1185 1400 gaudia.

544 1437 572 1496 5.
594 1434 673 1505 Jesu,
697 1432 751 1490 tibi
773 1431 810 1490 sit
832 1431 931 1504 gloria.

212 1550 322 1615 Auiiph.
342 1567 389 1600 ms.
407 1550 545 1616 Angustia.
566 1566 634 1602 saec.
656 1548 695 1602 lo.
714 1549 777 1601 Cod.
794 1548 941 1600 Praedicat.
961 1547 1147 1599 salmanticam.
1166 1563 1186 1597 s.
1205 1563 1231 1597 n.

518 1784 556 1842 to.
592 1782 631 1843 Ile
648 1785 725 1859 iuga
743 1785 772 1842 in
786 1785 950 1859 Aegyptum.

586 1906 630 1961 Ad
648 1907 729 1977 Vesp.
747 1914 781 1962 et.
799 1906 877 1962 Noct.

388 2031 414 2090 1.
439 2032 577 2092 Concinat
598 2039 696 2092 noster
718 2033 820 2092 choras
842 2033 895 2091 hoc
917 2032 946 2088 iu
968 2047 1039 2089 aeno

438 2118 537 2194 Gesta,
558 2135 631 2192 quae
653 2119 784 2180 Christus
807 2135 879 2191 puer
900 2116 991 2175 almus
1013 2118 1080 2190 egit,

436 2203 509 2262 Dum
532 2205 604 2277 petit
626 2210 718 2263 mater
740 2204 895 2263 Nazarethi
919 2201 1031 2261 domum

479 2290 642 2350 Purificata

387 2426 414 2486 2.
440 2425 533 2484 Noctu
556 2426 637 2485 etin
660 2426 766 2485 somnis
788 2425 914 2499 Josepho
936 2423 1077 2496 praedicit

438 2512 562 2570 Nuntius
584 2513 661 2571 celso
683 2512 799 2571 veniens
822 2511 953 2583 Olympo,

439 2598 530 2656 Puero
553 2598 615 2656 Deo
638 2596 803 2672 sumendum
825 2613 897 2671 esse,

482 2683 561 2742 Nlors
585 2684 661 2742 euim
682 2683 780 2742 instat.

387 2822 415 2880 3.
438 2819 555 2897 Accipe,
580 2821 661 2892 dixit,
684 2837 804 2894 puerum
827 2827 1012 2893 matremque,

439 2905 542 2964 Sancte
564 2907 696 2978 nutritor,
719 2907 861 2980 celerique
884 2923 968 2964 cursu

441 2990 521 3065 Fuge
542 2992 692 3063 iudaeam,
715 2991 847 3051 deierans
869 2993 1012 3050 alumnam

482 3079 566 3137 Pelas
588 3078 759 3152 Aegyptum.

388 3215 417 3274 4.
440 3215 558 3285 Quaerit
577 3215 718 3286 Herodes,
742 3214 866 3273 tumidus
888 3220 1035 3287 tyrannus,

442 3299 567 3373 Virginis
590 3307 686 3359 uatum
709 3301 849 3359 hominem
872 3300 1019 3373 Deumque

441 3381 534 3443 Ferro
553 3393 688 3458 mactare,
712 3384 787 3459 iuge,
810 3402 846 3444 ue
869 3386 999 3455 moreris,

483 3471 610 3544 Expedit
632 3472 715 3533 enim.

389 3611 419 3666 5.
443 3609 532 3681 Virgo
553 3615 619 3681 post
640 3614 764 3681 partum,
787 3608 920 3666 exsulans
942 3607 1047 3684 puella,

442 3695 487 3754 Da
510 3701 587 3751 tuum
610 3700 716 3761 ustum,
741 3693 836 3752 miseri
857 3708 1016 3769 precamur,

442 3779 565 3838 Claudat
585 3786 618 3837 ut
637 3780 729 3837 tristis
751 3779 838 3837 Erebi
861 3794 997 3838 cavernas

487 3865 528 3928 Te
551 3865 632 3938 duce,
658 3865 748 3938 virgo.

389 4003 419 4063 6.
443 4004 573 4062 Praestet
592 4003 647 4061 hoc
668 4003 750 4062 nobis
773 4002 865 4060 deitas
887 4001 971 4060 beata

445 4088 540 4148 Patris
562 4104 597 4146 ac
619 4089 678 4148 nati
701 4087 865 4161 pariterque
887 4087 979 4146 sancti

445 4173 578 4246 Spiritus,
603 4175 683 4246 cujus
705 4172 805 4231 reboat
825 4172 854 4231 in
877 4174 952 4231 omni

489 4260 590 4318 Gloria
610 4259 724 4317 mundo.

223 4377 304 4427 Brev.
321 4374 481 4440 Segovieuse
499 4377 562 4441 imp.
580 4374 732 4426 Vsllisoleti
753 4371 825 4424 1527.
