2918 4868
604 249 836 315 -248—

377 427 404 485 3.
429 422 548 482 Debitus
571 424 670 483 laudes
693 424 815 483 Domino
838 439 979 494 canamus,

432 510 485 583 Qui
509 510 590 568 dedit
611 526 708 568 sacras
730 508 893 569 Ruimundu
914 507 1008 583 aedes,

429 595 508 667 Quae
530 612 596 655 vere
618 596 723 654 scimus
747 595 862 655 tumulis
882 600 998 668 paratas

478 680 602 739 Numine
625 681 742 744 Christi.

378 838 407 895 4.
431 835 487 893 Hic
511 835 573 893 dies
596 833 665 894 felix
688 835 779 894 bonus
801 842 886 910 alque
910 832 1029 905 faustus,

433 921 494 992 Quo
518 921 603 980 datur
622 921 700 993 justo
723 921 836 994 requies
858 920 952 995 beata,

433 1006 538 1080 Augeli
558 1007 685 1080 gaudent
705 1007 884 1080 populusque
906 1011 1024 1064 cunctus

475 1093 583 1166 Magna
605 1097 748 1157 canentes.

382 1251 411 1309 5.
434 1247 511 1305 Laus
533 1245 596 1305 Deo
618 1246 704 1318 patri,
726 1245 805 1304 salua
827 1251 856 1304 et
877 1249 1013 1318 potestus,

434 1332 584 1392 Pueumati
606 1337 705 1390 sancto
727 1331 891 1405 pariterque
914 1336 990 1406 nato,

433 1417 488 1490 Qui
509 1417 613 1476 eedene
636 1416 754 1475 mandat
774 1417 846 1475 solio
868 1417 979 1475 tonanti

477 1504 588 1564 Cuncta
608 1503 726 1567 moveri.

201 1658 278 1707 Brev.
296 1657 411 1706 Oeceuee
429 1659 456 1706 et
471 1656 599 1707 Jaccenee
617 1657 679 1721 imp.
700 1651 777 1706 15⁴⁸.

504 1889 568 1948 432.
606 1890 644 1947 lle
662 1891 761 1947 eductu
781 1889 931 1963 liupilaale.

137 2056 166 2117 1.
188 2054 275 2129 Ecce,
302 2051 351 2111 lux
372 2052 490 2125 expulsa
512 2057 596 2110 nocte
754 2054 782 2112 3.
805 2051 924 2109 Tobiam
947 2051 1031 2109 victis
1053 2051 1170 2123 periclis

234 2139 299 2196 luce
322 2136 412 2211 fulget
434 2135 554 2211 fulgida,
851 2136 981 2194 omnibus
1003 2142 1082 2194 tuter
1103 2142 1206 2209 potens

191 2225 253 2295 Qua
275 2224 378 2282 chorus
401 2229 499 2281 noster
515 2239 664 2281 coruscum
807 2225 865 2280 late
889 2223 971 2281 duxit
993 2229 1021 2279 et
1043 2222 1159 2281 reduxit

232 2310 409 2383 Raphaelem
431 2309 564 2385 conualuit,
847 2309 914 2388 dux,
939 2324 1032 2366 comes
1056 2306 1233 2380 parentibus,

188 2395 295 2457 lubilie
318 2395 470 2468 applaudit
492 2394 579 2472 orbis,
807 2393 978 2469 Caujugatos
1001 2393 1145 2464 liberavit,

234 2487 321 2553 terra,
345 2482 464 2552 coelum,
487 2480 592 2539 sidera.
850 2496 934 2538 caeco
957 2480 1050 2537 lumen
1074 2479 1210 2538 reddidit.

137 2622 166 2681 2.
190 2617 282 2676 Deum
305 2617 373 2675 hinc
394 2618 542 2676 laudemus
564 2633 662 2676 omnes
753 2622 783 2680 4;
805 2617 884 2691 Ergo
908 2618 996 2675 dueus
1019 2622 1048 2675 et
1070 2617 1191 2675 reducas

234 2718 311 2774 voce,
331 2703 426 2775 corde,
450 2703 563 2776 spiritu,
850 2720 910 2776 nos,
933 2719 1095 2777 precamur,
1116 2703 1247 2775 sospites,

191 2788 339 2847 Medicum
360 2788 437 2846 misit
460 2790 508 2860 qui
531 2788 637 2847 mundo
807 2789 944 2861 naphaei,
968 2789 1103 2862 princeps
1125 2788 1217 2862 beate,

237 2873 413 2946 Raphaelem
436 2873 580 2947 languido,
851 2881 935 2947 atque
960 2890 1058 2934 caecos
1079 2874 1196 2944 lumina,

198 2959 348 3018 Praevium
371 2960 481 3030 ducem,
506 2959 628 3017 viantem
807 2959 848 3018 Ut
869 2959 960 3018 Deum
984 2968 1077 3018 lecum
1100 2975 1234 3018 canamus

240 3044 358 3103 duceret
381 3045 429 3118 qui
451 3045 596 3119 sospitem.
852 3046 881 3103 in
904 3047 1061 3104 saeclorum
1086 3047 1209 3105 saecula.

207 3180 283 3229 Brev.
305 3179 474 3230 Valentinum
493 3182 554 3245 imp.
573 3180 712 3230 valentiae
732 3176 805 3232 1533.

522 3412 584 3470 433.
619 3413 660 3471 lle
678 3416 774 3471 daneta
792 3413 945 3488 liaplraele.

586 3552 630 3607 Ad
647 3553 727 3622 Veep.
746 3561 773 3610 et
791 3553 869 3609 Noct„

144 3694 172 3755 1.
196 3692 331 3751 Exsultat
352 3710 407 3751 vox
428 3694 566 3771 angelica,
759 3700 787 3759 3.
811 3698 899 3770 Quem
923 3699 1028 3758 cudens
1051 3705 1161 3759 stercus
1183 3700 1308 3759 calidum

195 3778 309 3837 Laudes
332 3786 444 3852 promat
466 3781 588 3839 ecclesia
811 3784 984 3845 Gaecaverat
1007 3786 1201 3857 hirundinum,

196 3864 230 3922 Iu
254 3865 409 3936 Raphaelis
431 3866 529 3940 gloria,
810 3871 893 3929 Hunc
916 3871 983 3930 divo
1005 3871 1192 3930 medicamine

193 3950 281 4021 cujus
304 3950 373 4009 colit
394 3951 542 4011 solemnia.
810 3956 880 4016 Luci
903 3955 1063 4015 reformans
1085 3958 1217 4030 pristinu.

143 4089 171 4146 2.
196 4087 239 4144 Tu
260 4087 403 4146 medicina
427 4089 532 4147 diceris
757 4097 786 4152 4.
811 4092 892 4151 Felle
915 4095 1011 4172 piscis,
1035 4112 1118 4168 quem
1142 4112 1259 4169 ceperas

194 4170 307 4229 Effectu
329 4174 447 4246 grandis
470 4176 574 4247 operis,
809 4179 849 4237 Et
864 4181 925 4250 jam
948 4187 1177 4252 exenteraveraa

195 4258 228 4315 lu
252 4258 358 4316 virtute
380 4259 501 4319 mirifica
813 4264 899 4335 tirius
919 4267 1002 4337 jecur
1024 4267 1201 4326 daemonium

194 4342 286 4401 Tabia
308 4345 372 4402 luce
395 4345 518 4405 reddita.
810 4350 972 4412 Extricavit
994 4353 1177 4413 Asmodeum.
