2918 4868
634 274 866 338 -200..

161 452 190 511 3.
213 449 303 509 Felici
327 464 440 520 semper
461 448 565 521 gaudio
623 433 626 440 ’
780 448 808 505 4.
831 445 893 504 Rex
916 445 1031 504 Christe
1054 445 1281 516 clementissime,

213 533 349 593 Exsultat
371 532 442 592 coeli
465 533 554 605 curia,
831 531 884 604 Qui
908 530 1035 589 dilexisti
1057 530 1208 598 Lazarum,

216 620 311 677 Morte
332 619 446 679 devicta
468 620 579 678 Lazaro
831 617 877 675 Tu
898 615 987 675 corda
1010 622 1108 675 nostra
1129 617 1245 690 posside

216 707 343 764 Aeterna
369 706 419 763 dat
441 719 491 762 rex
515 703 652 776 praemia.
707 733 708 736 κ
834 701 913 760 Dans
935 701 1017 760 nobis
1041 702 1113 761 coeli
1136 702 1280 777 gaudium.

528 831 555 885 5.
581 823 681 883 Gloria
703 824 766 895 tibi,
789 822 920 894 Domine,

582 911 638 969 Pro
661 909 764 967 Lazari
787 908 916 977 victoris,

580 997 669 1068 Quem
693 993 796 1054 fortem
817 994 847 1053 in
871 993 1036 1064 certamina,

583 1077 701 1139 Beatum
729 1082 781 1139 das
802 1081 830 1139 in
853 1079 953 1152 gloria.

229 1213 303 1264 offic.
328 1230 375 1262 ms.
400 1229 468 1264 saec.
494 1211 531 1263 16.
552 1214 615 1264 t‘od.
635 1214 732 1265 Samio.
750 1214 899 1265 Gerunden.
924 1209 1000 1263 2309.
1026 1239 1057 1247 —
1082 1211 1104 1267 1.
1130 1209 1249 1262 tonici
1268 1210 1344 1262 ieblt.

161 1310 195 1320 —
213 1279 237 1343 3,
255 1279 272 1332 3
289 1283 375 1333 Morte
392 1283 492 1332 derisio·

544 1513 604 1571 347.
640 1514 679 1572 lle
696 1517 796 1572 saneta
813 1514 970 1574 beemots:

616 1635 647 1689 ln
664 1635 746 1705 Vesp.
764 1643 792 1691 et
808 1636 893 1691 Laud.

165 1762 246 1822 1.1n
270 1758 344 1820 festo
367 1760 536 1837 Leocadiae
778 1764 807 1822 3.
830 1763 909 1833 Quae
932 1762 1056 1821 carceris
1076 1760 1217 1835 supplicio

214 1847 296 1919 Quod
319 1847 480 1929 celebratur
501 1846 596 1919 bodie,
832 1845 900 1906 Fuit
922 1848 989 1907 data
1012 1864 1065 1920 pro
1087 1848 1144 1906 alio

217 1933 362 2006 Hymnum
385 1948 518 1991 conamus
539 1931 647 2004 gloriae
833 1934 900 1993 Sive
924 1933 1019 1992 dando
1042 1931 1179 2009 martyrio

220 2018 291 2091 Regi
315 2018 446 2076 coelestis
469 2019 574 2077 curiae.
831 2019 884 2077 Vel
909 2017 1040 2078 feriendo
1063 2019 1169 2090 gladio.

163 2140 192 2197 2.
218 2140 296 2197 llaec
318 2138 457 2196 Toletano
480 2136 583 2195 nobilis
779 2142 809 2201 4.
832 2138 889 2198 Ubi
912 2137 1053 2196 commisit
1075 2137 1207 2210 spiritum

218 2222 284 2281 Fuit
309 2230 408 2282 sancta
430 2222 593 2292 laudabilis,
833 2223 904 2294 Deo,
927 2224 976 2296 qui
999 2229 1118 2296 propior
1137 2222 1268 2280 meritum

219 2309 297 2379 Quae
319 2308 445 2366 moribus
467 2316 496 2366 et
518 2309 609 2366 titolis
833 2309 1028 2382 supplicantis
1051 2314 1078 2365 et
1101 2309 1235 2381 gemitum

218 2394 313 2453 Fulsit
336 2401 421 2467 atquc
444 2394 596 2452 miraculis.
832 2391 980 2468 Confregit
1001 2395 1091 2452 bostis
1114 2392 1266 2452 fremitum.

522 2518 550 2572 5.
576 2514 635 2572 Nos
657 2513 712 2586 ipsi
736 2513 834 2571 demus
858 2514 987 2590 gloriam,

573 2599 627 2672 Qui
648 2599 707 2657 suis
731 2598 781 2657 dat
802 2599 952 2657 vicmriam

572 2685 612 2743 Et
632 2688 760 2743 sanctam
785 2684 957 2744 Leocsdiam

571 2770 662 2828 Duxit
683 2771 720 2829 ad
744 2769 816 2827 coeli
838 2771 954 2830 cumam.

234 2908 310 2956 llrcv.
329 2921 376 2955 ms.
388 2905 546 2955 Toletanum
565 2920 633 2959 saec.
648 2902 687 2955 14.
701 2905 763 2955 Cod.
778 2908 815 2955 lta
834 2906 863 2954 it
875 2906 998 2956 Toletani
1009 2900 1102 2956 33-6.
1115 2904 1146 2954 Α.
1160 2932 1190 2940 -
1204 2906 1280 2955 Brev.
1294 2921 1342 2954 ms.

162 2975 320 3025 Tolatanum
341 2990 409 3024 saec.
433 2971 472 3023 15.
491 2973 553 3023 Cod.
573 2975 659 3040 Capit
671 2975 794 3025 Toletani
811 2922 904 3024 §3-9.
919 2976 947 3024 B.
965 3001 998 3009 -
1017 2976 1091 3023 Brcv.
1104 2974 1260 3024 Tolcbmum
1280 2976 1342 3039 imp.

163 3045 281 3094 Vcnetiis
302 3039 376 3093 1483.
394 3043 423 3093 C.
446 3070 475 3077 —
495 3042 571 3092 Brev.
588 3043 746 3093 Toletanum
767 3045 821 3107 imp
848 3044 965 3092 venetiis
987 3038 1059 3091 1492.
1074 3043 1105 3091 Ι).
1126 3071 1155 3079 -
1177 3044 1341 3093 Brem'l'olo·

163 3118 254 3162 trinum
277 3113 339 3176 imp.
359 3111 465 3176 Hispali
486 3108 558 3161 1493.
577 3112 609 3162 Ε.
628 3139 660 3147 -
679 3112 755 3161 Brev.
773 3111 929 3161 Toletanum
948 3113 1010 3176 imp.
1028 3112 1147 3161 Venatiis
1167 3108 1240 3161 1506.
1261 3113 1290 3161 F.
1310 3138 1342 3147 -·

164 3178 246 3230 Psalt.
269 3180 447 3230 Pallantinmn
470 3182 532 3244 imp.
555 3181 681 3230 Lucrouli
705 3177 777 3230 1512.
801 3181 833 3230 G.
862 3205 892 3212 -
917 3180 992 3230 Brev.
1010 3179 1167 3229 Toleianum
1189 3183 1250 3244 imp.
1269 3182 1342 3246 Lng-

166 3248 228 3298 dnni
251 3245 323 3297 1551.
343 3249 377 3298 ll.
397 3277 428 3284 -
447 3246 471 3310 33
489 3244 506 3298 3
525 3248 582 3299 Sibi
600 3248 687 3299 dando
705 3249 741 3297 H.
761 3275 791 3282 -
812 3248 878 3297 Mel:
898 3249 929 3297 ln
947 3248 1054 3298 coelesti
1073 3247 1193 3314 collegio.
1214 3249 1244 3297 G.

550 3483 610 3539 348.
647 3482 685 3539 lic
704 3484 804 3540 sancta
821 3481 967 3540 leocadia.

639 3603 682 3658 Ad
699 3604 871 3659 Nocturnum.

170 3731 196 3789 1.
222 3730 344 3788 Laetare
366 3730 539 3788 Toletum
783 3733 811 3792 3.
836 3731 915 3788 Haec
938 3731 1005 3789 dum
1027 3732 1114 3790 corde
1136 3749 1209 3805 puro

221 3818 252 3875 ln
276 3816 330 3873 boc
351 3831 434 3874 sacro
456 3812 540 3891 festo,
835 3816 926 3874 Deum
949 3817 1120 3893 intercessit,

216 3897 271 3963 Cui
294 3907 413 3960 totum
435 3902 573 3960 laetam
833 3903 868 3961 ln
891 3903 1014 3960 carceris
1033 3919 1115 3961 muro

219 3986 357 4046 Precibus
380 3989 489 4049 adesto.
833 3986 969 4045 Pollicem
991 3988 1144 4061 impressit.

164 4110 192 4166 2.
216 4107 255 4164 Et
280 4107 385 4166 babere
407 4108 429 4166 si
456 4108 498 4166 vis
601 4179 602 4183 Ἰ
781 4109 810 4166 4.
835 4106 933 4165 Pollex
956 4108 998 4165 sic
1019 4109 1136 4167 intravit

216 4193 334 4266 Aliquid
357 4210 375 4251 a
394 4194 465 4271 Deo,
835 4192 867 4249 ln
890 4194 1034 4265 praedura
1057 4201 1149 4266 petra,

216 4281 277 4338 lsta
299 4285 395 4337 nostra
418 4280 487 4337 civis
833 4277 914 4348 Quod
938 4293 1049 4336 crucem
1072 4279 1196 4352 signavit

217 4364 357 4436 A-dqnirm
381 4365 417 4422 ab
440 4381 482 4423 eo.
832 4362 922 4422 Utin
946 4365 1024 4422 molli
1049 4381 1124 4425 cera.
