2918 4868
628 262 864 334 -102-

500 453 550 512 iil.
582 453 621 510 lle
639 468 676 510 ss.
694 453 814 510 cordula
832 456 862 510 et
879 451 990 512 Cardia

659 574 703 629 sd
723 575 838 630 Laudes.

165 704 195 762 l.
217 700 333 759 Festum
356 717 502 759 sacrarum
526 700 666 772 virginum
742 717 744 722 ·
782 703 811 761 3.
836 699 959 757 Dertosa
981 697 1050 757 felix
1074 698 1178 772 recipit

216 788 358 846 Praesens
382 785 444 844 dies
466 786 640 859 reduplieat,
831 784 926 857 Caput
946 784 1048 843 beatae
1070 784 1206 861 Ceudiae,

215 873 277 944 Qua
299 871 423 930 Cordule
445 887 498 944 per
520 871 671 929 Dominum
832 869 901 928 Plus
925 870 1115 943 decorisque
1136 871 1261 944 percipit

216 956 346 1015 Palmam
370 972 471 1015 cruore
493 957 637 1017 vendicat.
832 956 906 1015 Suae
928 955 1033 1013 monile
1054 956 1202 1017 ecclesiae.

164 1060 194 1119 2.
216 1059 379 1117 Humanum
402 1072 516 1131 passam
538 1059 643 1116 terruit
779 1063 808 1119 4.
833 1057 893 1115 Nos
915 1057 1026 1116 Candia
1047 1058 1187 1130 purificet,

220 1144 309 1203 Dirae
330 1144 409 1202 necis
432 1145 611 1220 martyrium,
833 1143 994 1217 conjungat
1015 1143 1078 1203 Deo
1101 1144 1236 1223 Cordule,

219 1224 382 1303 Libensque
402 1229 518 1288 tandem
543 1228 629 1287 diruit
834 1228 910 1289 Utra
930 1228 960 1286 in
983 1245 1016 1287 eo
1039 1228 1195 1302 amplificet

219 1315 332 1373 Hostile
355 1314 442 1372 robur
464 1315 576 1372 virium.
831 1313 922 1374 Prece
944 1315 1145 1373 commendans
1165 1316 1277 1376 sedula.

522 1421 550 1477 5.
573 1417 703 1494 Praesta,
724 1415 802 1475 Deus
824 1414 961 1489 piissime,

574 1500 616 1563 Ut
637 1499 681 1559 his
703 1501 947 1560 intercedentibus

574 1586 622 1646 ld
643 1587 759 1660 nuptias
780 1586 936 1645 laetissime

575 1672 717 1730 Intremus
740 1689 802 1730 eum
825 1672 1025 1745 prudentibus.

234 1790 310 1869 lires.
329 1788 489 1839 Dertusense
508 1791 570 1854 imp.
588 1788 712 1855 Lugduni
732 1784 806 1840 1547.
823 1816 857 1827 -
874 1786 900 1852 3,
917 1784 934 1839 3
951 1789 1015 1842 Plus
1033 1789 1120 1840 dectus.
1140 1817 1171 1824 -
1190 1788 1214 1853 4,
1233 1786 1341 1844 3Utra·

164 1873 214 1922 que
233 1872 260 1906 ru
278 1874 317 1907 eo.

574 2024 627 2081 152.
662 2025 700 2082 lle
720 2026 820 2082 saneta
837 2024 930 2082 Clara.

664 2145 708 2199 Ad
725 2144 840 2200 Laudes.

168 2269 195 2330 1.
220 2268 305 2328 Clara
327 2270 477 2341 praeclara
497 2270 607 2329 meritis
782 2273 811 2330 4.
835 2269 948 2329 Invicta
970 2268 1012 2326 sic
1032 2268 1169 2327 abstinuit

220 2354 339 2413 Cunctis
361 2355 520 2427 prudenter
541 2355 667 2415 venditis
835 2355 875 2413 Et
894 2355 993 2413 vivens
1016 2354 1070 2411 tibi
1092 2354 1201 2427 placuit

217 2440 259 2497 l'e
280 2441 409 2512 seqnitur
430 2441 599 2515 propitium,
834 2439 926 2513 Saepe
948 2438 1026 2512 fletu,
1049 2439 1172 2516 silentio,

215 2524 325 2596 ἄθεα,
349 2525 728 2599 redemptoromnium.
833 2527 942 2597 ἄθεα,
963 2532 1096 2583 nostra
1117 2526 1344 2599 redemptio.

165 2630 193 2687 2.
216 2627 257 2685 Te
280 2628 423 2699 quaesivit
444 2634 474 2685 et
496 2629 635 2701 comperit
782 2631 811 2688 5.
835 2626 921 2686 Clara
942 2628 1091 2701 praeclare
1114 2628 1226 2699 claruit,

217 2712 339 2784 Tibiqne
363 2713 443 2786 virgo
465 2715 577 2786 peperit
835 2711 930 2786 Signis
953 2713 1051 2770 mulus
1075 2729 1140 2772 num
1162 2711 1268 2786 floruit,

217 2797 305 2855 Plura
325 2805 486 2856 sanctornm
509 2800 676 2873 germinum,
834 2798 877 2857 Ob
901 2798 955 2855 hoc
976 2799 1122 2856 mundatis
1145 2798 1279 2858 cordibus

215 2881 327 2954 ἄθεα,
350 2899 488 2943 corona
506 2884 705 2956 virginum.
833 2885 960 2944 Jesum
983 2884 1128 2942 ciamus
1151 2884 1321 2946 vocibus.

164 2988 193 3045 3.
218 2985 297 3042 Nihil
321 2985 429 3043 babere
450 2985 551 3058 voluit,
781 2989 812 3048 6.
835 2987 884 3044 Ad
907 3001 1006 3058 preces
1029 2991 1145 3045 sanetae
1167 2987 1286 3059 virginis

216 3070 271 3128 Sed
296 3076 494 3143 paupertatem
517 3070 613 3142 coluit,
704 3068 708 3073 ’
834 3071 874 3129 Εῑ
894 3070 1009 3129 laudem
1031 3073 1073 3129 tui
1095 3072 1217 3130 nominis

216 3154 256 3215 Ut
278 3161 353 3213 esset
374 3156 427 3213 tibi
449 3158 566 3234 gratior,
836 3155 906 3227 Nos,
928 3157 1030 3214 summi
1052 3157 1144 3230 patn's
1165 3158 1258 3230 unice,

217 3239 324 3311 ἄθεα,
348 3257 487 3301 corona
509 3243 666 3304 celsior.
833 3244 938 3314 ἄθεα,
961 3241 1143 3300 labantes
1165 3244 1326 3317 respice.

454 3347 482 3406 7.
507 3347 563 3405 Per
584 3345 732 3418 virginem,
752 3360 836 3417 quam
860 3345 991 3416 cobmus,

388 3462 389 3465 κ
505 3431 557 3488 Cui
580 3430 683 3489 devote
704 3428 864 3502 psallimus,

504 3515 632 3574 Tatnos
651 3522 771 3574 cernant
792 3515 867 3573 oculi

504 3602 611 3677 lesu,
636 3601 858 3674 redemptor
879 3600 1040 3660 saeculi.

236 3717 311 3765 Brev.
335 3718 463 3768 Auriense
485 3720 546 3783 imp.
570 3717 747 3769 Salmanticae
771 3716 835 3769 1501
871 3745 901 3752 —
925 3715 953 3778 2,
981 3715 992 3766 l
1017 3719 1054 3768 Τθ
1077 3734 1128 3781 qus
1153 3723 1257 3769 suntet
1275 3734 1345 3769 corn-

164 3785 239 3848 perit.
259 3811 289 3818 —
309 3782 332 3848 ·2‚
351 3782 506 3836 3P1nraun
525 3792 673 3837 sauctorum
692 3789 834 3851 geminum.
854 3813 885 3822 -
903 3784 928 3850 5,
946 3783 962 3834 d
981 3787 1103 3836 sciamus.

572 3984 628 4042 153.
664 3985 702 4041 lle
721 3987 819 4042 sancte
837 3985 929 4042 Clara.

167 4111 194 4168 1.
219 4109 303 4165 Clara
325 4110 409 4167 stella
431 4117 524 4168 movet
548 4111 624 4169 bella
779 4114 807 4171 2.
831 4112 930 4172 Polum
955 4112 1056 4184 cernit,
1078 4112 1168 4168 solum
1192 4114 1312 4185 speruit,

261 4193 390 4252 Veterem
414 4202 514 4254 contra
537 4196 691 4254 Cerberum
875 4197 1002 4269 Castigat
1026 4212 1140 4254 caruem
1164 4198 1269 4255 vimine

219 4280 261 4336 Te
284 4280 405 4338 ducente
428 4289 456 4337 et
479 4290 604 4354 regente,
832 4282 923 4353 Hujus
945 4283 1004 4340 vita
1028 4282 1105 4341 volat
1126 4283 1167 4341 ita

260 4364 433 4424 Conditor
453 4368 540 4425 alme
563 4368 724 4429 siderum.
872 4367 1018 4426 Aeolis
1040 4374 1148 4426 ortus
1172 4367 1343 4431 cardine.
