2918 4868
633 296 843 358 ..62-

485 470 565 521 Jesus
582 469 609 531 (l.
630 470 741 530 Laesus)
758 469 835 534 spina
853 467 1001 533 gratulatur

521 538 606 604 ipsius
621 532 747 601 suffragio

487 607 568 659 Pulso
586 605 642 669 ejus
660 607 778 656 cruciatu

521 692 552 726 ac
569 675 660 725 delore
678 675 769 724 nimio.

146 738 167 791 Α
192 740 215 804 2,
235 739 252 792 2
271 744 377 795 Miraris
395 745 550 811 agricolaus
569 744 598 793 13.
623 769 653 778 -
677 737 697 790 Β
722 740 739 792 2
757 743 903 792 Decoratur
926 742 1029 807 praesul
1054 756 1128 791 sacer
1146 747 1195 791 eta.
1214 741 1252 800 E,
1276 756 1326 791 aus

147 813 232 861 einem
250 812 348 862 andern
367 813 487 864 Officium
506 827 669 879 genommeu.
691 805 761 858 -Β
780 808 804 869 2,
826 808 837 860 l
858 811 1007 875 Expressae
1026 811 1056 860 ll.
1075 835 1106 844 -
1126 804 1145 858 Β
1164 807 1188 869 2,
1207 806 1224 860 3
1243 812 1279 861 Ut
1298 811 1326 859 iu

144 880 205 929 fidei
225 883 254 930 ll.
275 907 305 914 -
325 876 344 929 Β
363 880 387 941 2,
405 881 421 933 9
439 882 587 932 Conversus
605 881 656 930 sibi
673 882 707 943 Β,
728 879 872 930 conclusos
891 880 943 929 silai
956 880 977 928 1.
995 906 1030 914 -
1048 872 1066 925 Β
1085 875 1138 929 30
1155 880 1196 928 vir
1214 893 1326 944 maguae

146 951 295 999 sanctitatis
313 950 344 1010 E,
362 967 410 1002 aus
431 952 517 1001 einem
535 950 634 1000 audem
651 948 780 1000 Officium.
800 973 832 983 —
851 949 874 998 ll
893 944 917 1009 3,
936 946 952 997 8
971 946 1036 997 fehlt
1053 947 1083 995 Β.
1102 973 1135 981 —-
1153 948 1184 997 lu
1203 942 1321 997 haudd

144 1015 170 1077 4,
191 1015 207 1066 5
226 1017 290 1067 Cum
308 1019 376 1069 lecte
395 1021 468 1069 vocis
487 1020 515 1068 ll.
534 1043 567 1052 -
586 1016 627 1067 ld
646 1018 710 1068 Ben.
728 1013 749 1066 Α
767 1016 925 1066 Benedictus
944 1031 990 1066 rex
1007 1022 1129 1066 aeternus
1147 1021 1196 1066 ete.
1210 1016 1241 1077 E,
1260 1015 1326 1066 Ent-

147 1085 276 1153 lehunum
295 1088 360 1138 llll(
379 1088 465 1139 haben
484 1085 605 1152 fulgenda
622 1082 657 1135 Αε

556 1154 650 1205 Erexit
666 1170 748 1204 cornu
766 1154 860 1204 salutis

555 1223 715 1274 Hominibus
732 1227 812 1286 atque
830 1222 915 1272 brutis

589 1293 654 1341 Pius
672 1293 722 1341 Dei
740 1291 820 1353 filius,

554 1362 656 1410 Horum
674 1359 742 1410 alter
758 1375 817 1409 eum
835 1363 953 1419 vexatur,

555 1428 707 1480 Remedium
726 1429 751 1477 ei
768 1428 854 1487 datur,

592 1496 620 1548 Si
639 1502 746 1546 venetur
764 1497 878 1547 Blasius.

146 1563 188 1613 Ad
207 1564 295 1615 lloras
318 1565 364 1615 hat
382 1565 405 1615 E
424 1569 516 1632 eigana
535 1562 589 1628 ΑΛ,
613 1564 656 1615 die
674 1565 737 1615 aber
755 1565 876 1615 simtlielr
891 1564 1095 1629 Eutlelmungeu
1113 1563 1171 1612 siud
1192 1564 1240 1613 wie
1258 1563 1326 1614 anuli

150 1631 198 1681 das
217 1627 235 1680 Β
255 1632 288 1682 ad
306 1634 430 1684 Tertiam.
449 1661 481 1670 —-
499 1636 531 1686 Iu
550 1632 574 1684 2.
594 1636 646 1683 Ves
666 1671 673 1685 .
691 1632 725 1683 ad
741 1634 830 1699 Magn.
849 1626 870 1682 Α
888 1634 972 1683 lautet
989 1635 1017 1682 in
1036 1633 1090 1684 111:

555 1651 725 1768 Magnideate
742 1704 884 1752 Dominum

556 1773 606 1822 Per
624 1787 715 1821 omues
734 1786 811 1820 sexus
830 1769 963 1821 hominum

590 1840 627 1891 Et
647 1841 672 1890 ei
686 1838 808 1903 jubilate,

557 1910 608 1971 Qui
627 1925 674 1974 per
691 1909 797 1958 beatum
815 1908 933 1958 lllasium

557 1978 667 2027 Hostem
685 1977 784 2026 devicit
798 1978 908 2042 impium

590 2045 685 2095 Mortis
704 2046 868 2096 strenuitate.

155 2109 179 2159 Ε
198 2109 246 2159 liat
261 2124 296 2159 an
313 2110 431 2175 gleieher
444 2112 525 2163 Stelle
543 2113 585 2164 die
598 2112 633 2163 t:
651 2113 709 2164 Ave
727 2113 832 2179 praesul
850 2112 996 2164 honestatis
1015 2112 1133 2163 entlehut
1145 2111 1198 2161 uud
1210 2110 1329 2162 schlielst

154 2178 183 2227 iu
201 2178 378 2244 completorio
396 2181 430 2231 ad
448 2181 524 2231 Nune
541 2182 653 2233 dimittis
671 2181 902 2247 augenseheiulich
921 2184 969 2231 mit
987 2183 1071 2232 eiuem
1090 2181 1289 2230 luvitatorium:

557 2252 705 2316 vigilemus
724 2257 751 2300 et
767 2250 912 2316 psallamus

593 2321 650 2369 Deo
668 2321 777 2369 summis
796 2318 927 2378 laudibus,

559 2388 612 2449 Qui
630 2387 748 2438 Blasium
766 2390 847 2437 tantis
865 2389 938 2438 vitae

592 2457 697 2507 Ditavit
714 2456 867 2506 honoribus.

558 2620 595 2679 18.
631 2622 670 2678 lte
690 2622 786 2679 saneta
804 2619 907 2678 Blasio.

274 2746 314 2803 In
340 2747 367 2808 1.
392 2748 586 2820 Vesperis.
882 2748 924 2806 ln
949 2747 976 2806 1.
1000 2746 1206 2806 Nocturna.

325 2863 364 2913 Ad
383 2864 542 2930 llaguificat
947 2864 1121 2930 Antiphouae.

151 2964 187 3028 A.
213 2967 286 3037 Ave,
309 2969 425 3039 praesul
448 2968 614 3042 honestatis,
777 2970 805 3031 1.
829 2969 1011 3029 celebremus
1034 2969 1208 3027 exsultantes

213 3052 329 3127 Martyr
350 3070 469 3128 magnae
491 3055 662 3127 sanctitatis,
871 3054 969 3114 Sancti
992 3053 1066 3113 festa
1087 3054 1185 3130 Blasii,

212 3136 316 3195 Sancte
338 3139 426 3216 Blaesi,
450 3140 495 3198 vir
516 3141 669 3212 laudande,
828 3140 868 3200 Ut
890 3141 919 3199 iu
944 3141 1023 3199 coelo
1043 3155 1203 3198 mereamur

213 3221 290 3282 Orbe
312 3230 371 3283 toto
393 3226 597 3298 praedicande,
870 3226 941 3298 Eius
963 3242 1025 3284 esse
1047 3226 1127 3285 socii.

215 3308 269 3379 Qui
292 3309 343 3369 das
365 3311 454 3385 lapsis
477 3313 637 3371 relevamen

215 3393 254 3451 Et
275 3394 396 3454 infirmis
417 3397 603 3471 meditamen,

215 3478 258 3536 Tu
280 3497 333 3552 pro
355 3481 437 3540 uobis
458 3483 616 3551 intercede,

217 3563 258 3623 Ut
280 3567 395 3625 coelesti
418 3585 470 3626 nos
491 3571 624 3628 mercede

213 3648 293 3709 Ditet
315 3651 393 3711 Deus
416 3669 479 3711 cum
502 3653 593 3714 beatis

215 3734 314 3809 Regno
336 3753 404 3797 suae
427 3739 576 3802 claritatis.
775 3725 803 3782 3·
827 3720 911 3780 Hune
933 3720 1030 3794 gennit
1053 3721 1143 3778 Visum
1167 3720 1221 3778 Dei

869 3807 949 3864 dives
973 3806 1167 3881 Cappadocia,

265 3906 320 3966 Ad
343 3909 582 3972 Matutinum·
825 3891 931 3965 Fitque
955 3893 1028 3950 douo
1049 3892 1103 3950 Ilei
1125 3892 1238 3964 praesul

872 3978 901 4036 iu
925 3976 996 4035 urbe
1018 3976 1157 4039 Sebastia.

775 3349 803 3406 2.
828 3345 915 3418 cuns
937 3361 1023 3418 prece
1044 3344 1127 3403 uobis
1147 3345 1226 3403 Deus

870 3431 941 3489 eoeli
966 3432 1050 3489 donet
1072 3429 1186 3502 gandia,

826 3516 866 3576 Ut
888 3532 951 3574 cum
973 3517 1037 3589 ipso
1059 3513 1242 3588 perfruamur

866 3600 994 3674 paradisi
1018 3601 1118 3674 gloria.

333 4028 526 4078 Invitatorium.

214 4129 376 4192 rideremus
398 4149 484 4193 uuum
505 4134 597 4193 Deum

256 4221 342 4288 atque
364 4219 469 4277 trinum
491 4221 610 4298 pariter,

211 4302 246 4359 lu
269 4318 324 4373 quo
347 4303 418 4362 vivit
440 4303 509 4364 felix
532 4312 643 4382 martyr
775 4307 802 4367 1.
826 4304 889 4363 Deo
912 4305 1014 4378 dignus
1037 4309 1066 4361 et
1086 4302 1224 4377 benignus

256 4387 370 4448 Blasins
392 4391 566 4466 perenniter.
871 4390 923 4449 Vir
944 4387 998 4447 luit
1020 4389 1159 4463 egregius,

950 4182 1136 4247 Respousoria.
