2918 4868
622 245 833 311 -55..

520 392 523 398 ¹
546 415 583 472 li.
612 413 651 472 lie
669 416 770 474 sancta
788 416 925 474 Barbara

265 540 305 598 In
329 542 359 603 1.
381 540 577 613 vesperis.

304 656 389 722 Super
406 658 536 709 Psalmos.

137 763 173 819 A.
201 760 296 834 Salve,
319 763 400 835 virgo
422 768 516 821 mente
538 780 620 836 pura,

246 846 340 925 Virgo,
364 848 521 920 pudicitiae

203 931 321 1005 Norma,
344 933 483 992 Barbara.
507 949 580 1007 quae
603 933 675 993 dura

246 1016 394 1077 Obstando
414 1019 569 1092 spurcitiae

201 1103 304 1162 Mundi
326 1104 479 1182 pertulisti,
504 1122 582 1176 curo,

242 1188 283 1248 Ut
308 1189 337 1248 in
360 1189 414 1248 bnc
435 1191 571 1250 tristitiae

202 1275 284 1333 Valle
305 1273 435 1333 fruamur
456 1291 557 1334 secura

242 1359 317 1433 Vita,
340 1361 389 1419 lnx
411 1361 578 1425 munditiae.

136 1463 171 1520 R.
199 1461 340 1536 Barbara,
364 1471 393 1522 te
415 1464 547 1538 petimus,

766 543 796 603 2.
819 543 897 613 Quae
919 544 948 602 in
972 543 1142 603 Nicomedia

859 629 930 688 civis
953 627 1008 687 fnit
1029 630 1114 688 unica
1136 635 1202 688 nata

816 714 923 772 Eximii
946 715 1047 790 patris,

858 799 958 859 vivens
969 799 1085 860 Christo
1098 816 1210 873 quoquc
1223 806 1315 874 gnata.

764 904 793 965 3.
816 901 871 959 Est
892 902 1003 976 genitor
1026 901 1163 975 divesque

859 987 1013 1046 Dioscorus
1035 987 1206 1066 nominatus,

815 1072 900 1131 idola
921 1073 969 1145 qni
992 1071 1080 1130 coluit

858 1158 910 1217 sed
932 1157 1076 1216 nobilibus
1099 1159 1256 1220 trabeatus.

871 1312 912 1370 In
936 1314 965 1374 3.
989 1313 1193 1378 Nocturna.

944 1430 1121 1496 Antiphontis.

244 1549 285 1606 sie
306 1550 420 1623 suscipe
442 1550 569 1610 carmina
590 1556 698 1626 nostra,
764 1535 792 1598 l·
814 1534 1003 1607 Ε11111111111111
1025 1552 1143 1608 magnus

199 1633 240 1693 Ut
262 1640 291 1692 te
312 1635 399 1693 dante
420 1635 470 1707 pia

242 1735 401 1779 mereamur
422 1720 562 1779 scandere
578 1721 698 1794 coelum,

135 1805 173 1864 V.
204 1804 287 1863 Omni
309 1822 361 1864 nos
383 1806 469 1864 sorde

856 1636 907 1677 suo
929 1622 1004 1692 patri
1027 1618 1103 1679 forte
1127 1621 1249 1698 locutus,

814 1704 905 1762 Filius
927 1710 959 1763 ut
982 1706 1075 1764 diotae

855 1791 892 1848 sit
916 1797 999 1849 natae
1022 1807 1108 1850 carne
1130 1794 1260 1858 maritus.

240 1891 697 1963 mundansteoordeprecamnr.
759 1896 787 1954 2.
809 1891 884 1964 Quid
907 1891 944 1950 de
965 1898 994 1950 te
1017 1893 1099 1965 dicis,

306 2023 345 2073 Ad
363 2023 524 2089 Magnificat.

134 2129 171 2188 A.
199 2128 286 2198 Virgo
306 2133 407 2186 sancta
427 2127 492 2200 Dei,

856 1977 931 2035 dixit
952 1983 1035 2051 pater
1057 1979 1114 2051 ipsi
1136 1981 1259 2052 puellae,

815 2064 940 2124 Uxorem
962 2064 1058 2136 magni

855 2147 922 2221 qnia
943 2154 1084 2222 quaerunt
1105 2155 1135 2207 te
1151 2146 1213 2208 lore
1229 2151 1313 2212 velle.

237 2228 412 2285 succurrere,
435 2213 575 2287 Barbara,
599 2216 682 2274 uobis
758 2251 788 2311 3·
813 2248 1000 2324 Respondeas
1022 2251 1119 2324 virgo,

199 2297 315 2356 Auxilio
341 2298 462 2375 dignare
484 2307 542 2373 tao,

239 2399 312 2455 quac
334 2383 423 2462 digua
444 2381 524 2443 fuisti

198 2469 319 2527 Eximiis
342 2470 460 2543 meritis,

240 2554 269 2611 in
292 2571 378 2613 cerne
400 2556 498 2614 clausa
519 2555 612 2615 videri

197 2641 224 2697 A
247 2656 356 2698 summo
378 2640 501 2700 Domino

240 2731 270 2782 te
292 2724 471 2785 consonante
493 2724 675 2808 frequentem

199 2812 269 2881 Fac,
291 2817 324 2868 nt
346 2827 442 2870 amore
463 2819 513 2871 tuo

240 2893 380 2955 defendat
402 2913 523 2971 corpora
544 2906 644 2957 nostra

200 2980 333 3040 Fulmine
355 2981 504 3041 mortifero

240 3066 372 3128 Christus
395 3068 467 3127 dans
489 3069 594 3141 gandia
611 3068 696 3128 vitae.

256 3237 312 3296 Ad
334 3238 572 3302 Metuainum.

319 3357 513 3407 invitatorium.

198 3462 245 3521 Ad
268 3461 382 3520 laudem
404 3461 520 3519 Domini

240 3564 389 3621 surgamus
412 3553 494 3605 nocte
517 3553 659 3621 canentes,

197 3632 328 3692 Barbara
350 3649 432 3706 qoem
455 3638 565 3706 martyr

240 3719 356 3777 coelesti
380 3719 503 3777 culmine
525 3719 633 3779 laudat.

247 3892 288 3950 ln
313 3891 341 3951 1.
365 3890 573 3949 Nocturno.

324 4008 500 4071 Antiphonae.

145 4115 172 4174 1.
196 4112 325 4172 Barbara
347 4130 433 4186 passa
456 4111 510 4172 luit

239 4199 291 4257 snb
312 4204 440 4272 tempore
461 4199 640 4271 Maximiani,

196 4283 309 4343 Nobilis
332 4291 361 4343 et
383 4301 520 4356 spernens

240 4371 338 4429 mundi
361 4371 517 4429 certamina
541 4371 614 4430 vani.

854 2336 975 2411 genitor,
997 2352 1044 2394 me
1066 2352 1167 2411 cogere
1188 2337 1256 2411 noli,

812 2421 886 2480 Nam
906 2421 1029 2481 Domino
1054 2423 1130 2481 trino

855 2524 917 2564 snm
941 2508 1044 2579 conjux
1066 2507 1182 2567 subdita
1204 2509 1267 2570 soli.

970 2626 1092 2676 Verbeta.

812 2713 854 2770 Te
875 2713 988 2772 sanavit
1010 2722 1038 2771 et
1060 2713 1158 2774 beavit

854 2799 888 2856 In
910 2804 1028 2860 aeterna
1048 2799 1149 2874 gloria,

812 2884 901 2956 Quam
922 2885 1045 2944 sacrauit
1069 2891 1098 2943 et
1121 2886 1225 2946 ditavit

855 2969 958 3028 Manus
980 2969 1087 3028 Christi
1110 2974 1238 3046 propria.

812 3057 846 3114 In
869 3055 986 3114 coelesti

855 3141 961 3214 gaudet
983 3141 1071 3218 ouria,

812 3224 895 3284 Hanc
916 3224 1063 3286 collaudat

854 3312 927 3370 coeli
948 3311 1036 3386 regia.

812 3397 836 3457 0
859 3397 982 3470 Christe,
1005 3413 1058 3470 per
1077 3398 1211 3472 angelum

855 3482 905 3541 des
933 3483 1054 3556 reniam,

811 3568 865 3640 Qui
888 3568 1004 3627 vestivit
1025 3573 1181 3644 martyrem

853 3654 985 3712 eximiam

812 3739 852 3798 Et
873 3739 994 3800 sanavit.

890 3893 933 3952 ln
958 3892 1163 3953 Laudibus.

936 4009 1112 4075 Antiphonaa.

761 4117 787 4176 l.
812 4114 899 4189 Virgo
922 4114 986 4189 Dei,
1009 4115 1116 4175 manda

853 4201 961 4260 lauacri
982 4200 1163 4275 baptismatis
1185 4204 1271 4278 unda,

811 4288 900 4346 'inno
923 4287 1067 4360 gaudebat

852 4388 979 4446 numero,
991 4388 1074 4446 quem
1087 4373 1174 4431 corde
1183 4373 1308 4437 tenebat.
