2918 4868
652 267 861 331 ..64-

562 434 602 490 76.
638 435 677 490 lia
697 432 824 490 tinnitus
843 432 961 491 Sanctis.

217 564 245 623 1.
271 563 412 635 Tempore
434 578 489 634 quo
512 561 627 633 seritur,
647 562 722 634 quod
745 562 774 619 in
798 577 864 619 arec
883 562 942 633 poli
965 562 1116 634 reperitur,

267 648 383 706 Semina
405 652 505 705 saneta
527 652 633 718 serunt,
657 646 732 705 bona
754 647 900 719 colicaque
923 647 977 704 sibi
1001 653 1149 720 quaerunt.

214 769 243 826 2.
269 766 438 838 Despiciunt
461 765 596 824 mundum
619 766 710 824 saneti
732 766 876 840 miserum,
900 763 1094 837 furibundum,

266 851 397 924 Dumque
420 850 520 925 iugant
541 851 646 928 hostes,
670 858 800 910 reserant
821 851 893 909 coeli
916 851 970 909 sibi
991 858 1095 924 postes.

214 974 243 1030 3.
268 971 401 1029 Praemia
424 971 490 1028 dum
514 975 642 1046 cernunt,
666 971 760 1028 carnis
783 969 956 1029 cruciamina
978 976 1116 1042 spernunt

267 1056 410 1115 Cordibus
432 1062 462 1113 et
482 1057 565 1114 laetis
589 1055 711 1114 subeunt
729 1055 858 1128 jucunda
878 1055 991 1128 quietis.

213 1177 242 1234 4.
267 1175 391 1233 Verticis
414 1175 540 1232 evadunt
560 1175 645 1247 mala,
668 1174 775 1233 Christi
798 1191 852 1247 per
874 1173 949 1232 bona
971 1169 1112 1253 [vadunt],

265 1263 361 1320 Pauca
383 1267 491 1330 semnt
515 1260 565 1317 sed
588 1261 676 1318 multa
699 1265 816 1325 metunt,
842 1261 871 1317 in
894 1266 1023 1332 tempore
1045 1259 1253 1319 retributionis,

239 1379 316 1429 Brev.
335 1379 610 1445 Caesaraugustanum
628 1380 690 1444 imp.
709 1379 828 1429 Venetiia
849 1374 922 1430 1496.

528 1598 569 1653 77.
607 1597 643 1654 lie
662 1611 699 1654 ss.
717 1595 811 1653 didon
831 1599 859 1654 et
877 1597 995 1655 sennen.

657 1733 701 1788 Ad
718 1733 859 1802 Vesperas.

173 1876 201 1936 1.
226 1876 340 1937 Vexilla
363 1874 445 1933 nobis
470 1876 614 1948 prodeunt
785 1879 815 1935 4.
838 1876 936 1935 Sancti
957 1893 1010 1949 pro
1033 1892 1119 1949 regno
1142 1860 1238 1949 polico

225 1962 333 2020 Cruore
356 1961 446 2018 tincta
469 1976 559 2037 roseo,
838 1962 942 2020 Mortis
966 1960 1062 2019 ierunt
1083 1961 1201 2031 atrocia,

223 2048 302 2120 Quae
320 2046 399 2118 pacis
423 2044 524 2105 foedus
547 2047 644 2106 ineunt
838 2047 932 2105 Corde
954 2054 1055 2120 gerum
1078 2047 1228 2120 magnifico

222 2131 328 2191 Juncta
351 2131 429 2190 coelo
452 2132 574 2194 sidereo.
839 2135 970 2206 lrrogata
992 2132 1127 2192 ludibria.

171 2255 200 2315 2.
223 2252 329 2310 Abdon
352 2259 380 2310 et
402 2252 516 2311 Sennea
538 2257 686 2311 stemmate
789 2256 817 2313 5.
841 2252 932 2311 Feras
956 2249 1088 2310 ferebant
1109 2252 1220 2321 leviter,

226 2337 298 2395 Sunt
320 2338 412 2396 exorti
435 2337 624 2413 praefulgido,
842 2337 944 2395 Poenis
966 2343 1032 2394 sunt
1054 2337 1124 2395 torti
1147 2338 1283 2411 graviter,

224 2424 316 2481 Recto
338 2421 459 2496 proiecti
476 2425 615 2497 dogmate
838 2421 895 2481 Sed
918 2423 1070 2481 tmnctatis
1093 2423 1234 2496 capitibus

223 2508 377 2566 Adsistunt
399 2509 514 2570 Christo
536 2510 698 2582 splendido.
838 2508 926 2566 Potiti
946 2515 1011 2566 sunt
1035 2508 1215 2569 coelestibus.

170 2630 200 2687 3.
224 2629 377 2686 Persarum
399 2637 483 2701 gente
502 2629 603 2700 incliti,
785 2632 814 2689 6.
834 2627 980 2686 Exaudiet
1001 2645 1052 2686 nos
1074 2628 1202 2700 miseros,

225 2713 300 2770 Diva
322 2714 383 2785 lego
405 2713 531 2790 coerciti,
839 2713 891 2772 Cui
914 2713 951 2771 sit
973 2713 1065 2771 honor
1087 2719 1113 2770 et
1137 2714 1237 2786 gloria,

228 2798 321 2856 Vitam
345 2804 473 2856 tenentes
493 2798 636 2871 torpidam
837 2801 877 2869 Is,
900 2800 947 2871 qui
970 2805 1083 2857 sanctos
1105 2797 1240 2857 mirificos

225 2881 363 2941 Futurum
386 2891 486 2957 optant
508 2884 638 2944 solidam.
838 2883 895 2942 Sua
917 2884 1049 2957 provexit
1066 2885 1169 2957 gratia.

238 3001 314 3051 Brev.
345 3018 392 3050 ms.
415 3002 528 3050 Vicensc
551 3016 618 3049 saec.
647 2996 713 3051 ¹⁴i1u.
738 3000 801 3050 eod.
825 3000 910 3066 Capit
934 3003 1025 3051 vicen.
1050 3002 1130 3051 cun.
1154 3000 1185 3050 A.
1216 3026 1246 3034 -
1271 3000 1346 3050 Brev.

170 3069 283 3118 Vicense
300 3070 362 3135 imp.
381 3069 504 3135 Lugduni
525 3065 597 3120 1557.
615 3071 645 3118 Β.

527 3270 567 3327 78.
603 3269 642 3326 ltu
660 3284 696 3327 ss.
715 3268 807 3325 abdon
828 3271 858 3325 ot
875 3269 990 3326 Sennea.

642 3409 684 3462 Ad
701 3409 872 3463 Nocturnum.

172 3552 198 3612 1.
221 3553 286 3612 Jam
310 3569 384 3609 nunc
404 3559 446 3609 est
469 3553 563 3624 magni
587 3553 698 3611 decoris
782 3553 810 3613 3.
833 3551 928 3612 Judex
950 3558 1082 3609 cruentus
1104 3551 1209 3612 Decius

223 3637 380 3695 Concinere
403 3638 462 3710 regi
486 3639 554 3709 alto,
837 3636 990 3695 Terrarum
1013 3637 1088 3695 bona
1110 3635 1269 3710 proterens,

223 3723 310 3794 Cujus
333 3730 385 3795 est,
409 3723 547 3796 quidquid
569 3723 695 3795 pectoris
836 3722 905 3779 Illos
929 3729 1019 3781 tentat
1041 3722 1176 3795 agricius

222 3810 314 3867 Autro
337 3808 500 3866 modulatur
522 3809 591 3870 alto.
838 3806 951 3865 Hostile
974 3824 1023 3866 cor
1044 3807 1121 3865 intus
1142 3823 1253 3880 gerens.

170 3929 199 3986 2.
222 3926 327 3985 Abdon
351 3935 379 3984 et
401 3927 513 3985 Sennea
536 3927 645 3984 meritis
782 3929 811 3986 4.
835 3926 981 3985 Exaudiet
1003 3945 1054 3985 nos
1076 3927 1205 4002 miseros,

225 4013 305 4070 Haec
328 4030 411 4072 sacra
434 4014 532 4084 templi
554 4012 666 4071 moenia
835 4013 885 4073 Cui
910 4012 948 4068 sit
970 4012 1062 4070 honor
1084 4018 1112 4070 et
1135 4013 1236 4085 gloria,

223 4099 339 4156 Cunctis
362 4104 486 4171 purgent
509 4098 663 4173 demeritis,
835 4099 873 4168 Is,
897 4098 944 4169 qui
968 4106 1082 4156 sanctos
1104 4097 1240 4156 mirificos

222 4183 328 4241 Nostra
350 4189 465 4241 servent
487 4183 616 4244 confinia.
836 4183 894 4241 Sua
916 4183 1048 4254 prouexit
1069 4183 1169 4257 gratia.

238 4303 311 4351 Brev.
339 4319 385 4352 ms.
410 4303 521 4351 Viceuse
550 4318 617 4351 saec.
649 4299 713 4352 ¹⁴i1o.
738 4302 801 4353 Cod.
825 4302 910 4362 Capit.
935 4303 1025 4352 Vicen.
1052 4302 1133 4352 cvu.
1157 4301 1180 4352 Α
1208 4327 1240 4336 -
1266 4303 1342 4352 Brea.

168 4370 281 4422 Vicense
298 4372 360 4437 imp.
380 4370 504 4438 Lugduni
524 4367 597 4420 1557.
614 4373 645 4421 Β.
