2918 4868
626 272 836 337 ...35-

145 448 195 508 17.
219 447 336 506 Domum
360 452 438 505 tuam
461 447 569 523 introii,
759 447 810 510 21.
835 447 989 507 Curramus
1011 465 1079 521 ergo
1100 464 1224 521 propere

217 534 285 594 cau
308 532 413 591 ceteris
436 532 576 603 discubui,
831 534 993 606 'Angummn
1017 533 1119 591 callem
1141 533 1262 610 patriae,

217 618 278 676 Nec
300 623 388 691 eaput
409 634 503 676 meum
526 619 639 679 roscido
835 617 968 691 Spatiosa
986 619 1090 676 itinera

215 703 381 762 Deliuivisti
403 704 467 762 oleo
834 703 923 762 Morti
946 704 1105 777 linquamus
1128 705 1268 777 proxima,

219 789 281 848 Nec
302 789 403 847 saltem
425 789 503 847 unda
524 789 609 847 rivtdi
834 786 951 848 Efficiat
974 806 1026 847 nos
1048 790 1157 849 incolas

216 875 308 935 Pedes
331 875 434 932 rorasti
458 874 589 947 hospitia.
835 874 913 932 Coeli
936 880 1036 933 sancta
1059 875 1214 934 humilitas.

144 994 193 1054 18.
216 993 296 1052 Haec
317 999 422 1063 autem,
445 1008 480 1050 ex
503 1009 559 1066 quo
580 993 677 1070 subiit,
759 996 810 1053 22.
832 996 917 1054 iesus
940 1010 993 1066 pro
1015 993 1214 1067 peccatoribus

217 1079 360 1152 implevit,
384 1078 522 1151 quidquid
545 1079 655 1151 potuit3
833 1080 944 1137 Venisti
968 1081 1004 1138 de
1027 1079 1207 1151 coelestibus,

218 1165 291 1238 Quia
313 1180 358 1220 me
379 1163 499 1222 multum
523 1163 619 1240 coluit,
833 1165 873 1224 Ut
896 1180 1046 1237 reparares
1069 1181 1216 1223 numemm

216 1250 338 1308 Multam
362 1249 521 1307 mercedem
544 1250 657 1321 meruit,
833 1251 867 1308 In
889 1251 1021 1322 superuis
1042 1251 1210 1326 angelicum,

218 1334 328 1394 Cuncta
349 1336 411 1406 ejus
434 1332 562 1392 facinora
834 1336 919 1396 Unde
941 1335 1047 1394 cadens
1069 1342 1202 1409 apostata

219 1420 287 1479 Mea
310 1421 388 1478 delet
409 1419 568 1479 clementia.
833 1419 921 1479 Satan
943 1421 1002 1478 ruit
1020 1421 1049 1480 iu
1071 1428 1190 1481 tartara.

144 1540 195 1600 19.
219 1539 381 1599 &inversus
402 1539 440 1598 ad
462 1538 609 1597 mulierem
759 1542 809 1599 23.
833 1541 944 1600 Adesto
963 1540 1045 1599 uobis
1067 1542 1188 1618 miseris,

219 1625 267 1686 Sic
288 1624 452 1684 consolatur
473 1622 613 1685 flebilem:
832 1627 907 1699 Quos
937 1633 1039 1700 gravat
1060 1629 1173 1701 pondus
1195 1628 1322 1701 sceleris,

217 1712 402 1771 Peccatorum
424 1710 554 1769 remissio
833 1714 890 1772 Per
911 1711 979 1770 fidei
1002 1714 1121 1787 vestigIa

219 1795 286 1855 Tibi
309 1794 523 1873 intuentium,
833 1797 991 1870 Sequemur
1010 1805 1039 1855 te
1060 1799 1089 1857 iu
1112 1799 1245 1871 patriam,

220 1881 328 1954 Sponte
350 1883 487 1954 quaesisti
510 1880 662 1952 medicum,
832 1883 922 1954 Quam
945 1884 1103 1955 promisisti
1125 1885 1257 1942 omnibus

219 1967 283 2025 Hoc
304 1966 358 2024 tibi
380 1967 418 2025 sit
440 1966 606 2025 remedium.
833 1968 875 2026 Te
896 1983 964 2026 vere
987 1969 1181 2041 diligentibus.

145 2088 197 2148 20.
219 2086 244 2146 Ο
268 2083 338 2143 felix
359 2085 412 2144 illa
432 2085 577 2158 meretrix,
759 2089 809 2148 24.
833 2089 919 2164 Laus,
943 2087 1033 2146 bonor
1056 2088 1117 2158 tibi,
1142 2088 1273 2161 Domine,

219 2172 243 2231 0
265 2171 360 2229 audax
382 2187 432 2229 cor
454 2171 592 2246 mulieris,
833 2171 877 2231 Sit
899 2178 928 2230 et
948 2175 1082 2245 perennis
1105 2175 1205 2247 glorio,

832 2258 932 2332 Agnus
954 2258 1002 2330 qui
1026 2266 1128 2316 cuncta
1151 2259 1253 2316 tollere

219 2343 296 2413 Quae
318 2342 469 2414 restinguit
491 2359 553 2400 cum
569 2340 705 2418 lacrimis,
833 2343 943 2401 Venisti
966 2343 1066 2401 mundi
1087 2344 1216 2415 crimina,

219 2428 328 2485 Vulnus
350 2428 491 2485 occultum
514 2426 640 2499 pectoris
833 2428 903 2487 Cum
926 2435 1009 2501 patre
1032 2445 1062 2485 cs
1084 2437 1183 2487 sancto
1203 2429 1306 2501 spiritu

218 2513 304 2572 Crine
327 2512 448 2571 detersit
469 2513 581 2585 capitis.
830 2515 863 2573 Iu
886 2515 1061 2587 sempiterna
1083 2516 1205 2572 saecula.

211 2631 330 2680 Prooess.
354 2630 454 2679 Montis
477 2629 576 2681 Serrati
602 2631 664 2696 imp.
688 2633 716 2680 in
740 2633 831 2682 Monte
855 2632 960 2682 Serrato
986 2628 1058 2682 1500.
1082 2659 1112 2666 -
1138 2628 1165 2692 6,
1192 2630 1208 2679 5
1230 2631 1321 2681 delicti

141 2699 243 2750 rabida.
263 2725 294 2733 —
307 2696 331 2761 7,
352 2697 368 2749 5
385 2700 438 2748 imo
458 2703 569 2764 pectore.
582 2724 615 2733 -
625 2698 692 2749 Dals
710 2695 734 2759 8,
756 2697 768 2749 l
788 2716 827 2765 sq.
840 2701 892 2750 und
906 2698 929 2760 9,
951 2697 1015 2764 lsq.
1031 2700 1113 2764 vdllig
1124 2700 1320 2764 gleicblautend

141 2767 214 2827 sind,
239 2766 342 2818 scheiut
362 2767 444 2817 durch
473 2768 569 2817 Irrtum
592 2767 638 2817 der
666 2768 841 2819 Abschreiber
862 2769 1018 2833 gekommeu
1040 2785 1074 2818 zu
1096 2772 1160 2819 sein.
1192 2797 1225 2806 -—
1250 2767 1280 2827 9,
1304 2766 1320 2818 6

140 2837 274 2901 cupicilio.
296 2863 328 2871 -
349 2832 387 2892 11,
409 2833 495 2886 lJam
514 2835 618 2900 quidem
637 2836 723 2886 corde.
736 2864 769 2872 —
790 2834 829 2897 11,
847 2834 864 2888 3
879 2838 908 2888 Si
927 2836 1083 2888 essenthic.
1101 2834 1189 2893 -13‚
1209 2835 1319 2898 bQuin·

140 2906 228 2970 gentis
250 2905 317 2955 alter
342 2906 440 2970 miuua3
464 2905 513 2955 lias
536 2906 646 2955 miniis?
665 2931 697 2939 -
725 2903 767 2968 14,
789 2903 882 2956 2Non
906 2906 1022 2956 habuero
1037 2906 1163 2955 debitum.
1181 2933 1215 2941 —
1236 2903 1279 2964 lt,
1303 2902 1320 2955 3

140 2972 240 3023 rocido.
259 3001 296 3010 —
320 2971 362 3031 lt,
384 2970 402 3022 4
425 2973 559 3023 Deliuisti.
586 2999 617 3008 -
641 2975 732 3039 Vergl.
755 2975 823 3024 such
846 2974 889 3025 dio
906 2977 1041 3039 Hymnen:
1065 2976 1096 3025 Iu
1118 2974 1196 3023 domo
1222 2975 1319 3038 qnippe

140 3040 266 3100 Simonis,
284 3041 308 3092 Ο
326 3042 390 3092 felix
409 3042 457 3091 illu
475 3043 598 3092 meretrix
617 3042 671 3093 und
688 3043 741 3094 Pro
760 3043 871 3109 speciali
888 3043 979 3092 linteo.

545 3307 582 3365 lb.
617 3305 657 3364 llo
674 3309 772 3365 sanato
791 3307 910 3382 Spiritu.

612 3461 655 3516 nd
672 3462 843 3517 Nocturnum.

142 3624 173 3684 1.
196 3622 277 3681 Horu
300 3623 442 3695 surgendo
465 3638 599 3695 congrua,
759 3624 788 3684 2.
810 3621 962 3693 Douetque
987 3621 1093 3679 nostris
1115 3619 1245 3678 sensibus

195 3707 280 3766 Mena
302 3713 400 3766 nostra
420 3708 512 3765 Deum
535 3708 648 3781 rogitet,
811 3707 936 3779 Spiritus
958 3707 1050 3763 sancti
1073 3706 1204 3778 gratiam,

196 3793 238 3853 Ut
259 3793 343 3865 pulsa
365 3792 466 3865 culpae
487 3793 607 3851 tenebra
812 3794 853 3854 Ut
874 3792 1016 3864 superatis
1039 3791 1167 3849 hostibus

197 3878 260 3937 Lux
283 3883 384 3936 sancta
405 3894 456 3936 nos
478 3878 628 3936 illuminet.
812 3878 965 3935 Veniamus
988 3877 1024 3935 ad
1048 3876 1176 3949 gloriam.

474 4000 504 4058 3.
528 3999 660 4057 Praestet
682 3998 737 4057 hoc
758 3997 818 4055 nati
839 3997 960 4069 genitor,

526 4085 591 4143 Hoc
612 4083 749 4156 genitoris
769 4082 881 4155 genitus

527 4171 571 4227 Ac
593 4185 648 4241 par
669 4169 782 4241 utrique
805 4167 936 4225 conditor

526 4255 686 4313 Paraclitus
708 4254 779 4311 haec
801 4253 928 4325 spiritus.

206 4370 284 4423 Orat
303 4386 351 4423 ms.
370 4385 437 4422 suae
458 4368 497 4421 15.
518 4371 581 4422 Cod.
600 4370 627 4422 S.
646 4370 806 4421 Fordinuudi
824 4371 957 4420 Matriteu.
978 4367 1017 4420 14.
1127 4448 1165 4504 3⁸
