2918 4868
603 277 812 342 „53-

116 455 147 513 3.
170 452 241 526 Quis
264 459 352 525 caput
373 458 432 510 tam
454 452 662 510 sanctissimum
737 455 766 514 4.
790 451 857 524 Quis
879 457 980 524 pectus
1002 452 1080 525 mpit
1100 450 1253 510 candidum

174 538 247 595 Tam
270 537 342 596 diris
366 537 456 610 spinis
477 538 597 610 pleunit,
790 537 861 595 Tam
884 535 946 595 iero
969 534 1039 595 terri
1063 536 1177 597 vibice?

172 623 297 681 Hortum
319 629 377 682 tam
399 623 627 681 amoenissimum
790 623 858 695 Quis
880 639 980 680 manus
1003 621 1070 679 fecit
1093 622 1200 679 murice

175 708 245 779 Quis
267 709 358 780 sepsit
380 715 409 766 et
431 725 487 766 nou
511 707 624 768 doluit?
791 707 914 766 Flexum
938 708 1007 766 dore
1029 705 1235 780 sanguineum?

479 814 508 871 5.
532 810 609 868 Laus
632 811 708 882 patri
730 809 769 868 sit-
791 815 820 866 et
841 809 932 883 gloria

533 896 603 954 Cum
625 897 747 972 mystico
769 896 925 969 spiramine

532 981 644 1055 Illique,
668 982 717 1055 qui
738 982 860 1040 victoria

532 1067 644 1126 Mundo
664 1067 823 1141 triumphat
843 1067 989 1140 sauguine.

190 1186 266 1235 Brea.
292 1183 354 1233 Ord.
382 1184 409 1235 S.
436 1185 537 1234 Mariae
565 1185 598 1235 de
619 1185 740 1235 Mercede
769 1187 830 1251 imp.
850 1184 973 1251 Lugduni
1000 1181 1073 1234 1560.
1099 1212 1130 1219 --
1157 1178 1185 1241 2,
1208 1179 1226 1230 4
1250 1183 1302 1230 ieta

118 1255 230 1303 moestis
247 1255 354 1319 gemuit.

540 1416 584 1474 ta.
620 1418 658 1474 lle
677 1415 789 1475 Pietate
808 1416 886 1474 BllV.

622 1537 665 1591 nd
684 1537 798 1592 Laudes.

119 1665 150 1724 1.
174 1662 250 1739 lam,
273 1662 357 1720 stella
379 1661 467 1720 maris
490 1658 611 1735 fulgida,
739 1665 768 1724 3.
790 1662 904 1720 Amoris
927 1663 1007 1720 color
1027 1662 1176 1733 praedicat

176 1749 241 1806 Non
263 1763 317 1806 ave
338 1746 391 1805 tibi
414 1748 543 1820 dicimus,
791 1750 935 1819 Amorem,
962 1748 1060 1821 quite
1083 1749 1182 1820 tenuit,

174 1833 257 1907 Quod
279 1833 333 1892 tibi
351 1842 443 1893 mater
465 1831 594 1904 fecimus,
792 1832 903 1892 Coloris
925 1834 1007 1892 dolor
1030 1834 1160 1892 vulnerat

176 1919 291 1978 Vexillu
312 1927 426 1977 sumunt
448 1920 536 1995 regia.
792 1920 850 1978 cor
872 1919 942 1995 ejus,
966 1935 1039 1991 quae
1061 1924 1089 1975 te
1112 1919 1218 1992 gennit.

117 2026 151 2082 2.
173 2022 266 2092 Quam
287 2021 349 2080 sola
370 2021 452 2079 sedet
475 2021 591 2080 domina
740 2026 770 2084 4.
794 2021 869 2079 Laus
893 2021 970 2092 patri
992 2021 1030 2077 sit
1053 2027 1081 2077 et
1103 2021 1203 2095 gloria,

176 2107 381 2179 contemplans
404 2107 503 2180 plagas
525 2107 624 2181 geniti,
793 2106 863 2164 Qum
886 2106 1006 2179 mystico
1029 2107 1184 2180 spiramine

177 2191 315 2250 Dolorem
338 2207 406 2250 ense
427 2192 533 2265 saucia,
793 2191 907 2267 Illique,
931 2191 978 2263 qni
1002 2191 1123 2249 victoria

177 2277 273 2335 Enixa
294 2277 386 2335 erneis
406 2277 514 2349 stipite.
792 2276 902 2334 Mundo
926 2277 1083 2349 triumphat
1105 2278 1252 2350 sangnine.

194 2396 270 2445 Brea.
288 2394 350 2446 Ord.
369 2394 395 2444 S.
413 2395 514 2444 Mariae
532 2394 564 2445 do
581 2395 702 2445 Mercede
722 2397 783 2460 imp.
802 2394 925 2460 Lugduni
946 2389 1020 2445 1560.

499 2561 543 2618 54.
579 2561 618 2618 lle
636 2560 829 2619 mantiniano
848 2560 928 2617 Bliv.

612 2682 656 2737 nd
673 2683 813 2752 Vesperas.

124 2810 156 2870 l.
179 2805 307 2879 Virginis
328 2807 386 2864 alto
745 2812 773 2869 2.
797 2808 859 2866 Tua
881 2807 1025 2866 transfixit

179 2890 278 2950 Turba
299 2890 394 2950 fidelis
797 2894 915 2951 Viscera
938 2894 1038 2970 culter,

182 2976 275 3036 Cannt
295 2976 414 3036 infixum
798 2978 878 3037 (lutis
901 2979 1006 3036 incisor

182 3061 278 3121 Corde
299 3063 436 3136 dolorem,
797 3064 882 3121 Pueri
905 3064 1022 3134 Christi,

183 3149 272 3219 Quem
294 3147 348 3206 tibi
367 3150 452 3207 matri
800 3150 852 3222 Qni
876 3148 930 3207 init
952 3151 1028 3208 omni

184 3234 295 3294 Pressit
314 3233 420 3292 acerba
799 3235 925 3294 Crimine
947 3235 1022 3292 liber

186 3320 286 3378 Passio
307 3319 377 3396 nati.
798 3318 881 3378 Solus
903 3320 932 3377 in
955 3335 1034 3381 aevo.

202 3437 277 3487 Brev.
305 3436 476 3487 Valentinum
506 3439 567 3503 imp.
597 3437 709 3501 Neapoli
735 3433 807 3485 1489.
836 3439 866 3487 Α.
895 3463 927 3472 -
951 3438 1026 3487 Brov.
1049 3437 1220 3488 Valentinum
1246 3439 1309 3501 imp.

129 3505 359 3570 Caesaraugustae
380 3501 452 3556 1503.
471 3506 500 3554 Β.
519 3532 552 3541 -
570 3507 646 3556 Brcv.
662 3505 832 3555 Valentinum
851 3507 912 3571 imp.
932 3506 1072 3555 Valentiae
1096 3502 1169 3556 1533.

201 3574 257 3623 Der
280 3573 349 3624 volle
370 3574 438 3624 'l'ext
460 3574 506 3624 des
530 3575 652 3638 Hymnus
677 3575 747 3624 steht
769 3575 865 3624 beroits
884 3575 1011 3624 Analecta
1034 3574 1098 3637 ΧΠ,
1122 3571 1156 3624 64
1179 3590 1227 3624 aus
1251 3574 1309 3624 dom

131 3639 200 3693 1519
217 3641 367 3707 gleiohialls
384 3658 417 3692 ao
429 3643 558 3693 Valcncia
575 3643 735 3709 gedruelrten
751 3645 871 3693 Breviero
888 3644 934 3694 dor
946 3645 1113 3693 'Priniturien
1143 3644 1194 3692 Die
1207 3646 1310 3707 einziga

128 3709 313 3776 Abweiohung
330 3712 357 3760 in
377 3708 400 3771 1,
421 3709 438 3761 5
456 3712 529 3762 siche
546 3711 712 3761 vorstehond.

514 3878 555 3935 td.
590 3879 629 3935 llo
647 3877 839 3936 Vrauailxiona
857 3878 935 3935 BllV.

608 3998 651 4052 Ao
669 3999 840 4054 Nocturnum.

131 4130 163 4190 1.
189 4125 214 4185 0
237 4125 318 4198 virgo
340 4125 573 4197 clementissima,
753 4130 781 4188 2.
805 4127 875 4186 (lum
898 4132 981 4186 natus
1003 4126 1041 4185 ad
1064 4127 1236 4199 supplicium

189 4211 301 4269 Adesto
321 4212 427 4270 nostris
448 4212 592 4284 precibus,
805 4214 922 4272 Crucem
944 4219 1041 4285 portat
1062 4213 1092 4270 in
1113 4213 1247 4288 inumeris,

191 4295 296 4355 Devoti
317 4298 397 4369 cujus
420 4297 506 4355 hodie
805 4298 897 4356 Moles
920 4299 997 4356 illins
1020 4298 1156 4371 ponderis

191 4378 420 4441 Tranefixionem
443 4382 570 4443 colimne.
804 4383 866 4442 Tua
887 4385 993 4456 premit
1013 4383 1192 4456 praecordia.
