2918 4868
632 305 861 370 ..153-

276 474 317 533 In
341 477 370 538 8.
393 473 602 542 Nocturno.

347 593 523 660 Antiphonac.

165 695 193 753 1.
216 695 316 755 Justus
339 698 368 754 in
391 698 578 760 tabernaculo

258 780 313 839 Dei
336 781 544 857 inhabitator,

216 864 290 924 Nam
314 869 424 926 exstitit
445 871 475 928 in
498 873 611 930 saeculo

259 953 396 1012 Veritatis
416 961 534 1015 amator.

163 1090 191 1147 2.
216 1089 250 1148 In
272 1089 520 1152 benedictionibus

258 1174 427 1234 Dulcedinis
449 1186 622 1251 praeventus

212 1259 266 1316 Est
289 1260 344 1319 Dei
368 1263 524 1323 visionibus

256 1345 398 1405 Gratuitis
421 1356 578 1411 contentus.

72 1500 74 1505 ’
158 1485 188 1542 3.
211 1482 268 1541 Hic
289 1483 425 1544 innocens
449 1494 492 1545 est
513 1486 644 1546 manibus

257 1569 349 1628 Purus
372 1577 401 1629 et
422 1573 544 1633 mundus
566 1573 663 1646 corde,

214 1654 350 1713 lmmunis
371 1658 408 1716 ab
430 1659 563 1717 inanibus

252 1740 356 1798 Verbis
378 1749 407 1801 et
427 1745 504 1803 omni
527 1744 620 1805 sorde.

336 1879 522 1943 Responsoria

159 1985 186 2042 1.
209 1983 265 2042 Hic
288 1984 342 2042 Dei
365 1984 554 2057 primicerius,

209 2068 250 2128 Ut
271 2069 393 2129 Domino
415 2069 535 2128 liberius

251 2155 315 2213 Duo
338 2156 421 2213 daret
443 2155 559 2231 minuta,

210 2239 291 2310 Quod
316 2240 452 2314 deprimit
474 2241 609 2313 exterius,

208 2325 378 2383 Perdomuit
399 2328 541 2384 austerius

250 2409 399 2469 Reflorens
421 2419 515 2468 mente
538 2417 609 2485 tuta,

143 2494 178 2554 V.
210 2496 251 2557 Ut
273 2497 417 2555 Christum
440 2495 622 2555 lucrifaceret

207 2580 247 2639 Et
269 2597 349 2653 spem
372 2582 401 2639 in
424 2582 516 2655 ipsum
537 2583 657 2654 jaceret,

250 2666 352 2725 Electa
374 2667 441 2726 tulit
462 2674 552 2730 scuta.

157 2806 185 2863 2.
209 2805 243 2863 In
265 2804 405 2876 pastorali
427 2804 529 2863 baculo

204 2889 326 2962 Gregem
351 2888 387 2947 ab
408 2890 498 2949 hostis
517 2891 614 2963 jaculo

248 2975 380 3033 Viriliter
402 2973 541 3053 defendit,

205 3061 294 3133 Quem
316 3077 437 3135 pascens
458 3061 488 3119 in
510 3061 677 3120 umbraculo

206 3145 253 3204 Ab
275 3152 356 3205 aestn
379 3152 408 3204 et
429 3145 576 3205 obstaculo

247 3232 414 3291 Tentorium
437 3232 575 3306 extendit,

139 3317 173 3375 V.
201 3318 235 3377 In
258 3317 386 3376 caritatis
409 3318 502 3390 titulo,

200 3403 378 3462 Humilitatis
400 3404 500 3462 nidulo

244 3489 367 3548 Errores
391 3489 587 3562 reprehendit.

148 3628 175 3687 3.
199 3625 278 3699 Vita,
300 3632 392 3684 morte

241 3710 322 3784 signa
343 3710 465 3770 mirifica

200 3792 378 3855 Confessoris

240 3896 328 3953 prece
348 3881 477 3942 salvifica

198 3965 252 4023 Dei
275 3966 366 4025 virtus

241 4057 338 4123 patrat
358 4053 524 4129 magnifica3

134 4138 168 4195 V.
195 4137 299 4209 Aegiis
322 4140 431 4197 cunctis

240 4223 352 4282 medela
374 4225 493 4297 praevia

194 4307 385 4368 Restauratnr

236 4392 295 4453 fide
316 4395 452 4470 propitia.

918 486 959 545 In
981 486 1191 552 Laudibus.

966 607 1141 673 Antiphonac.

784 706 811 765 l.
835 707 955 768 Indutus
978 708 1148 771 fortitudine

877 794 1040 869 Contegnat
1062 813 1125 856 cnm
1146 799 1243 860 batis

832 877 886 938 Vir
907 881 1008 954 plenus
1029 884 1200 944 celsitudine

874 964 1026 1026 Perfectus
1047 970 1222 1036 sanctitatis.

780 1068 808 1129 2.
831 1066 893 1127 Deo
913 1070 1047 1142 jubilatio

830 1153 869 1212 Et
890 1157 1099 1230 congratulatio

874 1240 972 1299 Omnis
994 1241 1032 1300 sit
1055 1241 1178 1320 honoris,

830 1326 918 1396 Quem
940 1327 1018 1386 Petri
1042 1326 1182 1388 confessio

830 1411 945 1470 Laudat
967 1421 996 1471 et
1017 1412 1158 1487 professio

871 1497 955 1556 Vitae
977 1499 1112 1562 melioris.

776 1600 805 1659 3.
828 1600 877 1658 Ad
900 1607 929 1658 te
952 1601 988 1660 de
1010 1601 1074 1660 luce
1096 1601 1206 1680 vigilat,

871 1685 934 1745 Lux
953 1687 1068 1746 luminis
1089 1694 1210 1762 amator,

829 1771 877 1830 Sic
898 1771 996 1849 satias,
1019 1778 1049 1831 ut
1072 1772 1153 1832 sitiat

867 1857 924 1916 Hic
945 1865 1010 1918 tuus
1032 1859 1168 1918 imitator.

774 1963 803 2018 4.
828 1960 945 2032 Pontus,
967 1962 1053 2019 tellus
1076 1968 1105 2020 et
1126 1960 1256 2038 aethera,

828 2047 887 2117 Sol,
911 2046 987 2118 luna,
1012 2052 1116 2105 cuncta
1133 2046 1234 2105 sidera

869 2133 1047 2191 Benedicent
1069 2131 1217 2204 factorem,

826 2218 879 2289 Qui
902 2223 946 2275 tot
968 2218 1050 2291 signa
1071 2216 1192 2276 mirifica

825 2303 916 2361 Manu
938 2309 1035 2376 patrat
1057 2302 1184 2362 salvifica

868 2390 924 2447 Per
945 2406 1027 2447 snum
1049 2387 1252 2448 confessorem.

771 2496 800 2552 5.
823 2491 979 2551 Exsultans
1001 2508 1064 2550 cum
1088 2491 1232 2550 coelicolis

825 2576 926 2636 Carnis
949 2584 1050 2636 exutus
1074 2577 1194 2636 vinculis

866 2666 900 2723 In
922 2663 1014 2735 gloria
1036 2662 1169 2735 laetatur,

823 2749 940 2808 Crebris
964 2746 1075 2822 fulgens
1098 2746 1244 2806 miraculis

823 2833 968 2892 Virtutum
991 2832 1212 2909 pmpugnaculis

864 2919 932 2978 Reis
954 2921 1159 2992 patrocinatur.

923 3089 964 3139 Ad
981 3089 1147 3140 Benedictus.

757 3196 793 3257 Δ.
822 3196 845 3256 0
868 3196 970 3255 solaris
990 3195 1065 3254 radii

862 3281 956 3343 Jubar
975 3281 1155 3353 luminosum,

820 3367 1025 3427 Perlustruntis
1047 3365 1136 3425 stadii

863 3453 973 3528 Gyrnm
996 3452 1175 3521 circulosum‚

819 3539 966 3611 Nostrum,
990 3541 1086 3611 Petne,
1110 3535 1238 3596 nubilum

861 3624 954 3685 Valde
977 3624 1157 3683 tenebrosum

818 3711 852 3769 ln
874 3709 969 3768 laudis
991 3724 1066 3768 nunc
1085 3706 1208 3781 jubilum

859 3793 998 3855 nmnsfer
1019 3794 1184 3868 gloriosum.

786 4003 844 4063 Ad
867 4003 989 4063 Horas
1011 3997 1275 4073 Antiphonae.

936 4121 977 4171 An
1000 4120 1126 4170 Primam.

812 4230 865 4290 Vir
886 4230 978 4290 Belial
1001 4228 1128 4289 nefarius

811 4315 850 4374 Et
873 4317 944 4390 legis
966 4316 1149 4378 adversarius

852 4402 1128 4483 manumittantur,
