2918 4868
611 226 841 292 ..184-

136 403 165 462 3.
190 400 392 459 Creaturamm
415 400 528 473 genitor

194 486 314 545 Servom
338 487 464 545 servavit
485 487 644 559 proprium,

191 571 292 629 Totius
315 571 382 630 boni
404 571 536 629 eonditor

189 655 271 715 intra
293 663 430 715 terrestre
452 657 600 733 gremium,

191 743 230 802 Ut
254 747 330 800 esset
352 743 434 799 testis
457 742 552 801 editor

191 827 349 886 Salvatoris
372 827 529 886 humilium.

139 932 169 990 4.
193 929 268 987 Dum
291 946 376 989 saera
397 929 482 1003 gleba
504 931 632 989 oemitor

191 1014 268 1074 Satis
290 1014 412 1075 miratur
436 1015 520 1086 ratio,

755 403 784 463 6.
808 401 889 458 Inter
910 404 1024 458 sanctos
1044 399 1178 458 attollere

808 484 949 558 Dignatus
970 489 1014 542 est
1036 484 1113 543 huno
1132 481 1271 544 famulum

808 570 896 642 Deus,
921 570 1058 628 cultorem
1081 570 1175 628 oolere

807 655 851 716 Ob
874 655 1039 715 meritorum
1064 655 1205 714 maiolum

809 741 952 800 Virtutum
977 741 1052 800 huno
1074 757 1110 799 ex
1131 756 1259 814 munera,

807 828 883 899 Quas
915 824 1078 899 frequentat
1107 828 1145 887 ad
1168 826 1316 888 tumulum.

755 932 782 992 7.
805 929 869 990 Jam
893 946 984 1002 reges,
1007 930 1104 1003 duces,
1125 930 1248 1002 judiees,

807 1014 873 1075 Jam
895 1013 990 1074 fidelis
1012 1015 1135 1074 ecelesia

191 1101 273 1173 Quod
295 1100 454 1159 membrum
480 1118 535 1160 non
562 1099 701 1159 dividitor
806 1099 888 1160 Genu
911 1098 1064 1160 fleetuntur
1085 1101 1232 1174 supplices

191 1187 420 1260 Unumquodque
442 1186 478 1245 ab
501 1186 567 1265 alio,

191 1271 248 1331 Sed
275 1273 372 1330 totalis
395 1273 575 1330 eonnectitur

192 1357 269 1416 Nato
292 1358 509 1431 compaginatio.

141 1464 170 1522 ὁ.
193 1461 267 1519 Dum
289 1467 371 1519 aestu
393 1465 472 1518 terra
493 1460 643 1539 premitur,

192 1546 232 1604 Et
251 1545 410 1619 abnegatur
431 1545 537 1621 pluvia,

192 1630 351 1702 Sepulchra
370 1636 486 1689 sanctus
508 1630 633 1689 trahitur

196 1716 252 1774 Pro
274 1716 411 1789 temporis
433 1716 573 1791 angustia,

196 1802 240 1860 De
261 1803 394 1874 supernis
416 1801 621 1860 transmittitur

194 1886 243 1944 Sio
264 1887 425 1959 pluviarum
449 1887 551 1959 gratio.

807 1187 864 1245 Pro
886 1186 988 1245 summi
1011 1187 1087 1260 regis
1109 1186 1209 1263 gloria,

806 1272 861 1343 Qui
881 1273 974 1343 justos
996 1281 1074 1332 amat
1095 1270 1242 1345 simplices

807 1357 940 1430 Miraque
962 1363 1093 1430 praestat
1114 1357 1252 1430 praemia.

754 1461 783 1519 8.
806 1460 850 1521 Sit
871 1460 933 1517 laus
957 1461 1033 1532 patri
1058 1460 1194 1537 ingenito,

807 1545 912 1617 Deoua,
936 1545 1026 1603 virtus
1050 1552 1079 1603 et
1101 1545 1193 1618 gloria

807 1631 936 1704 Eiusque
957 1631 1113 1704 unigenito,

809 1718 866 1776 Per
888 1731 971 1788 qoem
995 1718 1104 1775 crearit
1126 1716 1230 1791 omnia,

809 1801 915 1861 Sanoto
936 1801 1021 1860 simol
1042 1801 1194 1877 paraclito,

809 1889 867 1947 Per
888 1902 971 1960 quem
993 1893 1159 1959 praestatur
1180 1887 1274 1946 venia.

209 2004 273 2053 Vita
296 2019 345 2052 ms.
367 2002 393 2053 S.
418 2002 514 2052 Isidori
538 2007 607 2053 auat
629 2003 752 2054 dohanas
774 2005 895 2055 Diaoono
919 2004 987 2054 saec.
1008 1999 1047 2054 13.
1071 2003 1133 2054 Cod.
1158 2005 1243 2070 Capit
1262 2007 1319 2055 Mn-

144 2075 232 2123 triten.
251 2088 272 2122 s.
290 2088 315 2120 n.

447 2234 503 2294 318.
540 2236 578 2294 lle
603 2238 699 2295 saneto
718 2236 825 2296 isidoro
844 2236 1012 2296 llatrlteusl.

644 2359 763 2428 Hymnus
785 2360 812 2412 4.

467 2483 495 2543 1.
517 2482 601 2541 Felix
622 2481 708 2542 fidele
731 2501 841 2562 monus,

450 2594 454 2601 ·
521 2569 603 2640 Quod
625 2569 703 2628 Deus
726 2568 808 2628 dedit
828 2588 909 2629 unus.

144 2678 174 2735 2.
197 2673 332 2733 Divinum
354 2677 383 2729 et
402 2671 559 2743 jucundum

197 2759 283 2818 Sidus
306 2762 350 2815 est
372 2763 401 2814 et
422 2756 588 2827 secuudum,

196 2843 278 2915 Quod
301 2841 426 2916 refulget
445 2843 475 2900 in
498 2842 644 2911 mundum,

239 2929 346 2987 Datum
367 2933 410 2986 est
432 2926 515 2987 nobis
537 2943 646 2988 munos.

146 3034 175 3091 3.
196 3031 340 3106 Divinum,
363 3030 439 3103 quod
462 3035 585 3106 creatur,

197 3115 371 3192 locandum,
395 3115 471 3188 quod
494 3123 634 3188 sacratur,

199 3201 371 3274 Secundum,
394 3201 471 3274 quod
492 3200 603 3274 beatur,

241 3288 346 3346 Datum
370 3293 415 3345 est
436 3287 519 3346 nobis
542 3303 651 3346 munos.

146 3392 175 3450 4.
196 3389 331 3449 Divinum
353 3396 382 3447 et
403 3389 527 3461 beatum,

199 3474 258 3533 Sub
280 3474 363 3533 arida
384 3483 527 3533 servatum

201 3561 320 3633 Corpus,
344 3561 421 3633 quod
443 3560 596 3636 illibatum,

241 3645 346 3705 Datum
370 3651 412 3703 est
434 3645 517 3703 nobis
539 3662 649 3704 munus.

149 3753 178 3810 5.
201 3748 336 3806 Divinum
360 3752 389 3804 et
409 3748 515 3821 regale,

201 3834 266 3892 Non
290 3833 432 3905 reperitur
453 3833 511 3891 tale

200 3921 233 3979 lo
256 3917 388 3990 gentibus
410 3915 539 3991 formala,

243 4003 350 4062 Datum
372 4010 416 4061 est
437 4005 519 4063 nobis
540 4022 651 4066 munus.

150 4109 179 4167 6.
203 4107 335 4164 Humana
357 4104 409 4164 sub
432 4112 534 4165 natura

201 4194 347 4264 Corporea
369 4188 481 4251 factura

202 4278 324 4336 Monens
345 4277 457 4351 integra
478 4295 560 4351 pum,

246 4363 351 4422 Datum
375 4368 416 4420 ost
440 4363 522 4421 nobis
545 4381 655 4427 munus.

781 2675 809 2733 7.
833 2674 909 2732 Nam
933 2671 1025 2732 forma
1045 2673 1180 2746 speciale,

837 2759 949 2817 Virtute
971 2761 1114 2836 generale,

832 2845 949 2906 cuncos
972 2844 1152 2920 medicinale,

874 2930 979 2989 Datum
1002 2936 1046 2988 est
1068 2930 1151 2989 nobis
1173 2946 1285 2992 munus.

780 3034 808 3092 8.
832 3031 1000 3090 Remedium
1024 3031 1159 3108 dolentis,

834 3117 966 3176 Solamen
990 3118 1191 3190 plasmantis,

831 3202 948 3260 Medeia
970 3209 1086 3262 nostrae
1108 3204 1212 3281 gentis,

876 3288 979 3346 Datum
1003 3293 1047 3345 est
1068 3289 1150 3347 nobis
1173 3305 1283 3352 munus.

676 3386 679 3391 ’
779 3393 808 3450 9.
832 3389 931 3449 Sooius
954 3406 1152 3463 supemmnm,

834 3477 1002 3549 Tliymiama
1024 3477 1152 3550 odorum,

834 3562 968 3620 Nostrum
992 3562 1135 3620 adomaus
1158 3563 1285 3638 olmmm,

876 3647 981 3706 Datum
1005 3653 1049 3704 est
1071 3647 1153 3706 nobis
1176 3664 1287 3710 monus.

762 3751 810 3810 10.
834 3748 964 3808 Electum
990 3767 1040 3809 vas
1064 3751 1208 3822 dacorum,

835 3835 967 3896 Conoivis
989 3836 1164 3908 angelorum,

835 3920 1043 3979 Munimentum
1066 3922 1178 3994 piomm

878 4005 984 4065 Datum
1007 4012 1051 4064 est
1073 4008 1156 4065 nobis
1178 4024 1287 4067 munus.

764 4108 812 4168 11.
835 4108 941 4166 Munus
964 4108 1218 4186 praedestinatum,

836 4194 985 4266 Apostolis
1012 4201 1150 4268 optatum,

837 4276 972 4352 Fulgens,
996 4282 1176 4355 associatum,

885 4365 989 4423 Datum
1013 4374 1056 4424 ost
1076 4367 1157 4426 nobis
1177 4383 1285 4427 munos
