2918 4868
140 456 171 516 6.
196 455 278 513 Hsec
302 455 382 528 virgo
404 455 587 527 venerabilis,

196 541 282 600 Prole
305 537 429 598 fecunda
451 541 550 605 nobili.

197 627 305 684 Locum
327 626 414 698 elegit
436 625 564 683 inclitum

196 711 254 770 Suo
276 711 448 769 sacrandum
469 711 586 773 nomini.

629 280 841 345 -57..

759 458 787 516 6.
810 454 867 512 Hic
890 455 1027 527 templum
1050 456 1288 514 solemnissimum

811 539 928 598 Fundat
950 557 1026 613 papa
1047 541 1190 613 Liberius,

812 626 888 698 Opes
912 626 1061 699 dispensat
1082 628 1189 700 largius

811 713 994 784 loannesque
1018 713 1183 771 Pratrieius.

140 837 171 891 4.
195 833 284 904 Quem
307 839 551 904 praetermorem
574 832 687 890 solitum
760 833 787 894 7.
812 830 873 889 Nos
895 836 958 889 tuos
981 833 1061 891 salva
1084 830 1213 908 tumulos,

196 917 305 975 Mensis
326 917 449 991 Augusti
471 923 598 989 tempore

196 1003 308 1061 Pressis
329 1004 399 1061 solis
420 1002 573 1061 ardoribus

196 1088 298 1146 Totum
321 1088 443 1161 replevit
465 1088 588 1147 nivibus.

138 1212 169 1269 5.
195 1207 229 1265 ln
254 1208 361 1266 visione
384 1207 482 1265 docuit

195 1292 281 1351 Tanti
305 1309 418 1351 causam
440 1293 579 1368 mysterii.

196 1377 336 1436 Solemnis
359 1378 517 1438 habitaculi

194 1463 322 1537 Benigne
343 1465 472 1538 pandens
493 1464 633 1524 ordinem.

811 917 935 988 Christe,
958 924 1041 975 natus
1065 919 1242 993 decimius,

810 1003 863 1075 Qui
886 1004 933 1074 pie
956 1002 1031 1061 festa
1054 1003 1171 1061 colimus

812 1088 890 1146 Tuae
912 1089 1012 1146 matris
1035 1089 1241 1148 sanctissimae.

760 1209 788 1267 8.
812 1207 912 1266 Gloria
934 1208 996 1286 tibi,
1021 1209 1153 1279 Domine,

811 1293 865 1363 Qui
887 1301 970 1351 natus
993 1310 1024 1351 es
1048 1293 1084 1352 de
1108 1294 1225 1367 virgine,

812 1378 880 1436 Cum
903 1385 986 1451 patre
1008 1386 1036 1436 et
1059 1386 1159 1438 sancto
1182 1380 1286 1452 spiritu

812 1465 842 1521 ln
866 1465 1039 1537 sempiterna
1062 1467 1185 1525 saecula.

213 1583 291 1633 Brev.
310 1582 541 1648 Calagurritanum
561 1587 588 1632 et
606 1582 773 1633 Oalciateuse
791 1583 853 1646 imp.
872 1584 999 1632 Lucrouii
1020 1581 1094 1634 1543.

513 1818 555 1873 66.
589 1818 627 1874 lle
646 1817 674 1873 Β.
691 1816 782 1874 llario
800 1816 835 1874 sd
854 1817 945 1874 Nives.

139 2103 171 2161 1.
195 2102 268 2162 iesu
289 2105 390 2173 mater,
414 2099 502 2172 virga,

195 2185 293 2257 Stirps
314 2186 398 2245 Jesse
419 2181 532 2254 florida,

195 2271 309 2343 Sponsa
332 2269 383 2327 Dei
409 2269 503 2343 digna,

196 2356 293 2427 Salve,
316 2356 394 2413 salus
416 2361 522 2415 nostra.

139 2479 171 2536 2.
197 2476 264 2549 Ore,
288 2476 385 2546 eorde,
409 2490 480 2533 voce

197 2563 326 2622 Cuncme
347 2567 496 2619 creaturae

198 2648 334 2706 Promant
355 2662 468 2719 semper
490 2646 624 2718 hymnum

197 2732 277 2791 Tuae
298 2733 454 2794 sanctitati.

141 2855 174 2914 3.
194 2853 296 2912 Houor
317 2853 407 2912 nostri
431 2852 522 2910 cultus

201 2941 278 2997 Vera
298 2955 420 3013 spesque
442 2945 548 3009 nostra,

200 3025 312 3084 Pietate
334 3025 428 3096 plena,

199 3107 368 3168 Pracelccta
389 3116 487 3168 mater.

141 3234 174 3291 4.
198 3229 302 3289 Almae
323 3230 437 3302 quidem
459 3229 538 3287 urbis

199 3315 293 3389 Digne
316 3330 412 3373 curam
433 3331 534 3388 gerens

199 3401 304 3459 Votum
325 3402 413 3477 vovit,
437 3401 526 3474 virgo,

198 3487 279 3545 Tuae
301 3487 411 3558 pietati.

642 1955 685 2009 Ad
703 1954 818 2010 Laudes.

761 2102 788 2158 5.
813 2098 925 2156 Novum
948 2097 1045 2154 condit
1068 2099 1205 2170 templum

813 2183 896 2256 Fide,
920 2189 1014 2240 mente
1035 2199 1135 2254 purus,

812 2269 889 2327 Miro
912 2268 996 2325 modo
1018 2268 1112 2324 locum

813 2354 925 2426 Templi
949 2353 1160 2412 demonstrasti.

760 2477 789 2534 6.
811 2473 900 2531 Nives
923 2479 1170 2545 praetermorem

729 2586 730 2589 ¹
812 2559 941 2617 Mentem
963 2559 1162 2631 impleverunt,

812 2645 926 2703 Turbae
948 2650 1073 2718 stupent,
1096 2660 1182 2702 voces

813 2730 918 2789 Dulces
941 2731 1112 2788 extulerunt.

761 2855 790 2911 7.
813 2852 852 2910 Et
873 2852 911 2909 ad
933 2851 1047 2909 leudem
1070 2857 1157 2920 tuam,

814 2937 919 2995 Sancta
941 2943 1032 2995 mater
1055 2936 1170 3007 Christi,

814 3022 934 3081 Gratum
958 3020 1058 3079 fundat
1081 3021 1218 3093 templum

814 3107 945 3165 Liberius
967 3124 1052 3180 papa.

762 3230 790 3290 8.
815 3227 908 3298 Salus,
931 3228 1031 3298 virtus,
1054 3227 1141 3283 delus

812 3313 926 3371 Summo
948 3313 1009 3369 Deo
1032 3312 1118 3387 patri,

812 3399 866 3471 Qui
887 3399 917 3455 in
939 3413 1006 3456 arce
1028 3398 1086 3469 poli

816 3485 870 3541 Per
892 3485 1006 3542 saecula
1028 3488 1140 3554 regnat.

214 3605 292 3654 Brev.
312 3602 540 3668 Calagurritanum
562 3608 588 3652 et
607 3602 771 3653 Calciateuse
791 3604 853 3666 imp.
873 3604 995 3651 Lucronii
1018 3597 1091 3649 leel.
1112 3611 1114 3615 ’

539 3839 579 3894 67.
614 3836 646 3894 ln
664 3835 848 3894 llcseensioue
869 3835 949 3892 Blll'.

636 3979 679 4032 Ad
697 3979 837 4048 Vesperas.

356 4123 382 4182 1.
406 4124 430 4183 0
452 4121 508 4181 Dei
530 4122 675 4195 templum,
699 4121 822 4194 genitrix
845 4119 969 4191 superni,

406 4209 554 4283 Virginum
577 4209 657 4281 virgo
680 4207 831 4264 benedicta
854 4220 975 4282 semper,

407 4295 524 4353 Plenior
546 4295 654 4353 cunctis
676 4293 787 4364 superis
811 4292 940 4364 polorum

449 4383 612 4452 Pucumate‚
636 4379 723 4439 salve.
