2918 4868
653 291 888 357 -278-

189 467 218 526 8.
242 465 389 524 Volusiani
411 464 563 538 praesidis,
804 466 834 525 4.
857 464 919 522 Deo
941 463 1018 537 patri
1040 464 1079 522 sit
1099 464 1200 541 glorie,

241 549 328 623 onjns
350 551 412 610 laus
435 556 479 608 est
500 549 530 608 in
552 550 667 624 populis
855 549 933 608 Lens
955 549 1070 609 Christo
1093 564 1156 609 eum
1178 547 1299 608 victorin

240 636 281 695 Et
301 636 332 696 in
354 635 470 695 eoelesli
492 637 565 694 solio
856 636 922 696 Unu
939 651 1002 694 eum
1025 641 1123 697 saneto
1146 636 1259 709 spiritu,

240 720 329 780 Sucro
351 719 442 796 fulget
463 722 611 797 martyrio.
854 721 909 794 Qui
929 738 982 780 nos
1004 727 1154 780 oonservut
1176 721 1291 795 gemitu.

254 842 330 892 Brev.
348 843 545 893 Tarraconense
563 834 625 908 imi).
644 843 809 892 Barcinones
829 837 904 891 1484.
923 868 955 876 -
973 837 998 902 3,
1016 838 1033 890 4
1051 843 1078 890 iu
1097 842 1232 904 martyrio.

556 1093 617 1151 487.
652 1093 690 1151 bn
707 1109 744 1152 ss
761 1046 837 1152 Voto¹
849 1096 880 1152 st
896 1092 996 1153 Folius

435 1239 464 1299 1.
486 1239 510 1300 0
532 1239 606 1297 Vote
628 1245 656 1295 el
678 1237 774 1310 Felix,
798 1238 892 1296 meriti
915 1238 1039 1316 petroni,

485 1324 527 1385 Ut
546 1329 632 1396 quest
656 1328 782 1382 nostrum
805 1339 940 1382 resonare
961 1323 1080 1397 quisque

486 1408 750 1480 (inoluminum,
774 1408 849 1485 dete,
874 1408 1074 1468 monachorum

525 1496 699 1566 Quaesumus
720 1509 828 1557 omnes.

431 1651 460 1709 2.
483 1651 639 1722 Insequens
662 1663 776 1707 cervum
800 1649 888 1707 Votus
910 1647 939 1704 in
962 1663 1096 1720 supreme

482 1735 574 1808 Rupis
596 1734 714 1795 advenit
733 1735 804 1810 jnge
826 1733 995 1804 devolvendo,

483 1821 544 1893 Quo
567 1819 646 1880 eadit
668 1835 769 1878 oervus
789 1818 873 1878 nimis
894 1816 963 1878 inde
985 1818 1086 1895 lessus,

526 1905 661 1979 Undique
682 1920 808 1978 pressus.

431 2064 460 2123 3.
483 2059 595 2118 Inscius
618 2075 699 2118 ossus
721 2073 807 2130 eques
829 2057 995 2136 insomnii,

482 2145 552 2204 Mox
575 2144 639 2218 equi
659 2144 763 2217 pinnae
785 2143 873 2216 pedes
896 2143 1087 2216 applicentur,

483 2232 553 2290 Cum
578 2246 663 2289 ruens
687 2230 807 2290 obmet:
830 2228 900 2286 mibi
922 2235 953 2286 tu
974 2227 1078 2305 faveto,

526 2317 630 2377 Sancte
652 2314 806 2377 Jobunnes.

429 2474 457 2532 4.
482 2471 558 2529 Hine
580 2468 753 2529 reviviscens
773 2467 908 2542 vepribus
929 2468 1037 2541 putetis

482 2556 599 2616 Gratius
620 2555 745 2615 reddens
766 2553 890 2613 Domino
911 2554 1035 2614 tetendit

481 2642 515 2701 ln
537 2657 661 2719 specum,
685 2656 740 2714 quo
762 2637 846 2698 funus
869 2639 1100 2713 omniomnis,

524 2727 606 2799 Quod
628 2725 769 2800 sepelivit.

428 2885 458 2943 5.
481 2880 572 2940 Peroe
593 2895 669 2940 nuno
690 2879 804 2958 nostris,
828 2878 907 2937 Deus
928 2877 1013 2953 nme,
1037 2879 1129 2953 culpis

479 2966 518 3025 Et
541 2966 653 3026 domum
676 2981 789 3039 semper
809 2964 915 3023 tuearis
937 2963 1030 3042 isium,

480 3052 535 3124 Qui
556 3052 670 3126 globum
693 3050 792 3109 mundi
814 3050 891 3127 regis
915 3056 943 3107 et
965 3050 1107 3123 gubernus

521 3138 626 3198 Trinus
647 3143 677 3195 et
696 3153 779 3200 unus.

250 3255 358 3322 Espsiie
376 3255 493 3321 sagrada
512 3257 596 3317 XXX,
617 3251 669 3307 304
687 3271 719 3305 ex
738 3254 873 3305 Brsviurio
892 3252 918 3302 S.
936 3253 1067 3304 Johannis
1085 3254 1117 3304 de
1134 3255 1216 3305 Pinis.

568 3489 629 3547 488.
665 3488 703 3545 be
721 3501 775 3546 uuo
793 3487 962 3546 contenere.

668 3608 698 3663 ln
716 3608 862 3664 Nocbnrno.

180 3737 208 3796 1.
232 3732 386 3795 Confessor
407 3733 454 3792 hie
476 3732 635 3807 probabilis
793 3736 822 3794 3.
846 3733 896 3792 Nil
919 3739 977 3792 ium
999 3733 1061 3792 Deo
1083 3732 1234 3807 probabile

230 3819 364 3879 Exlorris
385 3837 457 3882 eevo
480 3817 624 3878 oonflueus
844 3820 1005 3892 Muuusque
1027 3824 1174 3892 eeoeptum
1197 3824 1302 3894 menet,

232 3906 299 3964 Veri
321 3906 359 3965 ad
381 3923 460 3965 erem
483 3905 597 3964 luminis
844 3905 933 3978 Quam
956 3905 981 3962 si
1004 3919 1057 3979 per
1078 3904 1136 3963 oris
1159 3904 1302 3965 vielimsm

231 3991 297 4050 Oris
318 3990 381 4050 Deo
403 3990 461 4050 fert
483 3991 615 4051 hostiam.
845 3989 972 4049 Litemus
993 3990 1020 4048 ei
1042 3990 1172 4050 bostium.

178 4131 207 4190 2.
231 4128 320 4200 Quum
342 4129 433 4202 patris
455 4134 607 4202 acceptent
628 4143 736 4206 munus,
791 4129 820 4186 4.
844 4127 900 4186 llio
922 4142 989 4199 ergo
1012 4125 1100 4185 filium
1123 4126 1177 4185 Dei

230 4216 318 4287 Quen
334 4214 465 4274 Christus
483 4215 545 4287 ipse
561 4212 736 4287 comprobet,
843 4210 996 4271 Confessus
1018 4228 1068 4270 ore
1089 4212 1179 4270 nobili

230 4301 341 4379 Reium,
362 4299 487 4376 fidelem,
510 4300 646 4376 vividam,
843 4297 980 4357 coelestis
1002 4299 1085 4356 uulso
1107 4299 1214 4356 ourinvn

229 4388 290 4460 Quo
310 4386 475 4446 luoidenlur
497 4385 606 4448 intima.
842 4385 936 4443 Intrat
957 4383 1091 4456 perennis
1111 4384 1214 4443 incolo.
