2918 4868
615 275 845 341 „100-

390 451 419 510 2.
441 449 529 509 Unde
550 467 670 509 sonorus
692 452 764 524 petit
787 469 805 511 a
826 459 856 510 te
878 453 989 524 chorus,

440 535 558 594 Veniam
581 536 774 610 praestabis,
798 538 846 610 qui
870 538 967 596 eolnnt
989 536 1079 610 iesta3

441 621 587 694 Gemmas,
609 621 689 694 andi,
711 622 857 695 supplices
880 624 994 695 exaudi,

481 706 595 765 Laudes
618 707 744 766 attende.

386 828 414 886 3.
438 826 575 885 Patriae
597 833 664 886 nato
686 824 850 899 flaminique
871 833 971 886 saneto

438 910 567 970 Gloriam
591 911 690 970 demus
711 926 854 983 unumque
876 911 1024 971 laudemus

438 997 539 1069 Deum,
562 997 612 1070 qui
633 1003 735 1071 regnat
755 996 892 1055 muudum
915 1004 945 1054 et
966 997 1107 1071 gubernat

479 1084 589 1142 Cuncta
608 1099 663 1156 per
683 1082 787 1144 saecla

206 1200 283 1249 Brev.
306 1215 353 1248 ms.
372 1199 602 1263 Oralagurritanum
627 1214 694 1250 ease
715 1197 754 1250 14.
773 1198 838 1251 Cod.
857 1199 1044 1250 Salmantieen.
1066 1197 1121 1250 186.
1141 1199 1172 1249 A.
1195 1225 1221 1235 ·-
1243 1199 1321 1247 Brev.

137 1268 367 1334 Calagurritanum
386 1273 412 1316 et
429 1267 594 1318 Celeiatense
611 1269 674 1333 imp.
693 1269 818 1318 Lueronii
838 1264 912 1318 1543.
931 1269 961 1321 B.

471 1467 526 1524 159.
562 1467 602 1523 lie
620 1482 641 1524 s.
660 1467 801 1527 Doninieo
818 1467 985 1525 basiliensi.

638 1587 671 1642 Iu
690 1589 824 1659 Vesperis.

387 1715 417 1775 1.
441 1712 563 1784 Christe,
587 1720 751 1772 sanatorum
775 1714 822 1787 pie
844 1729 895 1771 rex
917 1717 1039 1782 tuorum,

440 1797 537 1856 Nobili
560 1795 634 1856 festo
654 1799 793 1858 miserans
813 1798 924 1873 adesto,

440 1884 502 1954 Quo
526 1884 604 1943 clara
627 1900 697 1943 roae
719 1885 900 1943 modulemur
921 1900 978 1942 nna

478 1969 596 2028 Cantica
618 1969 693 2029 diva.

386 2091 416 2148 2.
442 2087 553 2157 Poseat‚
577 2086 700 2147 adsistat
722 2087 844 2161 vigilans
867 2095 1005 2160 patronus

436 2173 519 2230 Nunc
540 2171 708 2231 Dominieus
730 2173 840 2231 meritis
862 2172 972 2246 beatus,

438 2258 499 2329 Quo
522 2273 622 2331 preces
644 2267 761 2319 nostrae
782 2264 946 2317 mereantur
967 2274 1030 2316 esse

482 2345 603 2403 Munere
626 2344 738 2417 dignae.

383 2467 411 2524 3.
436 2462 544 2521 Abluot
564 2469 696 2539 mentem,
720 2462 828 2521 tribuat
850 2463 982 2536 satutem,

435 2551 566 2607 Praestet
588 2554 617 2606 et
639 2549 726 2607 vitam
749 2548 912 2607 miserando
934 2562 1036 2622 puram

436 2635 532 2706 Atque
554 2650 606 2691 uos
629 2635 732 2692 eastris
755 2635 845 2693 societ
867 2632 999 2706 supernis

479 2720 582 2778 Pastor
604 2720 719 2783 amoris.

387 2842 416 2897 4.
440 2837 567 2896 Daemon
590 2838 666 2896 baud
690 2837 801 2911 plebem
825 2837 933 2895 cruciet
954 2835 1079 2912 fidelem,

437 2922 521 2980 Absit
545 2929 571 2979 et
596 2925 686 2996 pestis
703 2922 838 2982 roborata
852 2922 955 2995 morbi,

439 3008 504 3067 Vita
527 3015 693 3066 cunctorum
716 3010 811 3068 valeat
833 3009 979 3083 bonorum,

480 3094 603 3165 Summe,
628 3100 750 3157 tuorum.

384 3218 412 3274 5.
437 3212 481 3270 Sit
502 3212 564 3272 Deo
587 3213 664 3286 patri
687 3214 773 3272 deeus
795 3219 881 3286 atque
902 3219 980 3290 nato,

437 3298 561 3371 Spiritus
584 3299 651 3357 almi
672 3298 783 3371 pariter
804 3297 912 3370 decori,

436 3384 502 3443 Una
523 3385 659 3456 maiestas
681 3390 763 3458 regat
785 3389 814 3442 et
834 3383 975 3457 gubernet

478 3470 537 3527 Nos
559 3470 642 3527 simui
665 3485 772 3527 omues.

204 3587 280 3636 arev.
301 3587 533 3651 Calagurritanum
558 3594 585 3637 et
608 3586 773 3638 Celeiatense
797 3589 858 3652 imp.
881 3587 1006 3637 Lueronii
1031 3581 1104 3635 1543.
1131 3587 1162 3634 A.
1187 3610 1220 3618 -
1238 3585 1315 3634 Brev.

136 3655 306 3705 Cordubense
325 3657 388 3721 imp.
406 3656 513 3721 Hispali
535 3653 606 3705 1524.
625 3657 655 3705 B.

479 3856 533 3912 tto.
570 3855 608 3913 be
627 3871 648 3912 s.
667 3855 807 3913 boninieo
825 3853 986 3912 braiaum.

612 3978 652 4031 Ad
670 3976 844 4032 Nocturnum.

384 4105 411 4162 i.
436 4103 565 4161 Gaudeat
591 4104 699 4161 eoelum
724 4103 872 4161 retinendo
894 4109 1035 4172 sanetum,

436 4188 568 4246 Gaudeat
590 4196 665 4247 totns
685 4189 837 4260 jubilando
860 4187 991 4262 mundns,

433 4273 566 4332 Gaudeat
587 4274 666 4332 loeus
689 4274 852 4333 venerando
876 4272 944 4329 felia

476 4359 516 4417 Et
537 4359 677 4419 Siliensio.
