2918 4868
582 259 815 322 -245-

110 434 138 490 5.
163 430 249 488 Nunc
270 435 368 503 spreto
392 446 511 503 nequam
535 433 648 489 saeculo
726 435 754 492 6.
775 432 868 503 Hujus
895 448 963 505 ergo
987 432 1136 490 Prudentii

163 516 243 574 Coeli
264 516 370 589 gaudet
392 516 509 589 palatio,
780 517 894 576 Sullnlti
916 534 967 574 nos
989 516 1141 590 suffragiis,

161 603 278 660 Iunctus
300 602 388 659 choro
409 602 538 674 angelico
779 603 851 675 Ejus
874 603 951 660 docti
975 603 1130 676 prudentia

164 686 269 759 Magno
293 685 397 744 fruitur
419 688 534 760 gaudio.
781 688 923 747 vehamur
944 689 981 747 ad
1005 688 1141 746 eoelestia

474 808 500 867 7.
525 806 709 879 Quaesumus,
734 814 834 865 auctor
853 809 986 868 omnium.

182 944 258 990 Brev.
277 940 507 1006 Calagurritanum
526 946 553 992 et
570 941 738 992 Celeiatense
756 943 817 1007 imp.
835 943 962 992 Lueronii
984 939 1056 992 1543.

490 1193 551 1250 427.
588 1194 627 1251 lie
645 1198 742 1251 sancto
762 1192 922 1252 Prudentia

586 1331 629 1386 nd
646 1333 818 1390 Nocturnum.

114 1476 142 1536 1.
166 1474 315 1533 Prudentii
339 1474 441 1532 militia
752 1477 780 1534 6.
805 1475 862 1535 Ubi
885 1476 963 1534 Deus
986 1475 1108 1534 voluerit

165 1559 326 1617 Prudenter
347 1560 405 1632 egit
427 1559 529 1635 omnia,
804 1562 971 1634 Mulnmque
993 1561 1036 1618 ire
1052 1560 1179 1633 jusserit,

166 1645 295 1704 Prudens
319 1643 412 1703 lactus
435 1645 572 1703 coelicola
804 1647 861 1704 Hic
882 1646 931 1704 ubi
954 1662 1041 1719 pecus
1065 1647 1187 1719 steterit,

165 1730 299 1790 Pervenit
318 1730 355 1788 ad
379 1731 523 1793 coelestia
803 1732 868 1789 Illic
890 1748 995 1804 corpus
1017 1732 1166 1805 quieverit.

114 1852 143 1909 2.
167 1849 223 1908 Per
241 1864 323 1921 quem
347 1865 409 1906 cum
433 1848 512 1906 Deus
535 1846 644 1907 fecerat
753 1852 780 1912 7.
804 1850 887 1922 Quod
910 1866 972 1908 cunr
995 1852 1097 1924 egisset
1121 1851 1259 1926 gnaviter,

166 1935 259 1992 Multa
281 1935 387 1993 mundo
409 1935 557 2003 miracula,
804 1937 974 2010 Mysterium
997 1937 1139 2009 mirabile,

167 2020 236 2078 Cum
259 2021 344 2078 sociis
365 2020 403 2078 ad
427 2018 528 2079 lunera
802 2024 893 2082 Pecus
916 2023 1011 2095 coepit
1034 2022 1168 2081 incedere

165 2106 274 2165 Eadem
299 2104 369 2166 lecit
391 2106 535 2179 plurima
802 2109 849 2168 Ad
874 2108 966 2165 locum
987 2115 1085 2181 aptum
1108 2109 1234 2167 tendere.

113 2228 142 2286 3.
166 2226 237 2284 Nam
262 2227 328 2285 dum
352 2225 436 2285 cubat
460 2227 488 2283 in
510 2226 626 2300 lectulo,
750 2229 778 2286 8.
802 2226 859 2286 Ubi
882 2227 963 2284 stetit
985 2226 1138 2298 immobile,

167 2313 273 2371 videns
296 2313 395 2369 mortis
418 2312 556 2379 aculeum,
804 2315 902 2372 Donec
924 2327 1028 2385 corpus
1050 2313 1228 2371 sanctissime

165 2398 368 2475 Interrogatur,
392 2399 541 2470 proprium
804 2398 979 2456 Reverenter
1003 2398 1179 2471 deponerent

169 2482 228 2544 Ubi
250 2495 402 2557 componat
424 2484 570 2544 tumulum.
803 2484 936 2556 Iltudque
959 2483 1044 2557 digne
1066 2485 1232 2546 conderent.

115 2607 144 2662 4.
168 2602 205 2661 Se
228 2603 410 2675 respondisse
433 2604 539 2662 dicitur
750 2605 779 2667 9.
802 2602 895 2674 Hujus
918 2618 986 2677 ergo
1008 2603 1157 2663 Prudentii

168 2688 281 2761 Pelagio
304 2696 332 2745 et
355 2686 502 2758 fratribus,
802 2686 915 2746 Sutinlti
938 2705 990 2747 nos
1012 2687 1163 2764 suffragiis,

165 2774 269 2831 Adhuc
292 2775 358 2832 dum
382 2774 470 2832 verbo
493 2772 598 2832 fruitur
802 2773 873 2845 Ejus
897 2774 974 2832 docti
996 2774 1150 2847 prudentia

167 2860 334 2933 Sortemque
356 2861 456 2918 mortis
479 2860 601 2932 patitur:
807 2859 950 2917 Vehemur
967 2860 1005 2919 ad
1028 2861 1172 2919 coelestia.

114 2983 143 3039 5.
167 2979 276 3051 Corpus
298 2979 381 3052 panis
403 2979 549 3048 involvite,
729 2983 778 3043 10.
803 2980 988 3052 Quaesumus,
1012 2986 1112 3039 auctor
1133 2981 1266 3058 omnium,

166 3064 246 3123 Mula
268 3065 500 3138 superimponite,
802 3066 835 3123 ln
859 3067 912 3124 hoc
934 3066 1064 3139 paschali
1087 3067 1191 3140 gaudio

167 3150 241 3208 Eum
264 3151 306 3208 ire
329 3150 485 3223 permittito
801 3151 848 3209 Ab
871 3152 948 3210 omni
970 3153 1070 3211 mortis
1092 3152 1202 3226 impetu

166 3235 258 3308 Eique
280 3237 462 3309 acquiescite.
803 3237 895 3295 Tuum
919 3235 1043 3296 defendo
1064 3238 1210 3311 populum.

515 3356 564 3416 il.
589 3356 689 3415 Gloria
710 3356 772 3426 tibi,
796 3356 926 3417 Domine.

184 3492 259 3541 Brev.
277 3490 452 3540 Tirasonense
476 3491 538 3554 imp.
556 3491 676 3540 Venetiis
699 3488 772 3541 1497.
791 3490 822 3540 Δ.
845 3519 877 3525 -
902 3493 977 3541 Brev.
998 3507 1045 3540 ms.
1063 3491 1292 3557 Calagurritannm

114 3575 182 3609 sacr.
208 3557 531 3610 15.00‹1.Sa1mautteen
559 3556 614 3609 186.
633 3562 662 3609 B.
687 3589 719 3596 —-
745 3561 819 3609 lircr.
838 3560 1068 3625 Calagurritannm
1084 3566 1111 3609 et
1128 3562 1293 3612 calciatensc

116 3630 177 3694 imp.
196 3630 320 3678 anronii
341 3625 413 3678 1543.
433 3630 461 3677 C.
482 3656 515 3662 —
532 3625 557 3685 5,
575 3623 592 3676 2
609 3630 779 3745 ειψεῐξοιιίῐο
797 3628 827 3678 Α.
848 3656 879 3662 -
898 3627 971 3680 Nach
992 3628 1042 3678 Str.
1063 3626 1078 3677 5
1097 3629 1163 3694 solgt
1180 3633 1231 3684 Str.
1253 3628 1291 3681 10.

116 3699 146 3746 Ο.
166 3728 197 3733 -›
218 3695 241 3755 7,
264 3695 273 3745 l
294 3699 410 3760 graviter
422 3698 451 3757 n,
471 3698 579 3746 iraviter
590 3697 621 3746 B.
640 3723 673 3731 -
709 3733 715 3757 ,
734 3693 799 3746 3Et
816 3697 1007 3748 reverenterll.
1027 3723 1059 3731 -
1072 3697 1122 3746 Str.
1144 3696 1175 3748 10
1187 3699 1251 3749 fehlt
1263 3701 1292 3749 li.

485 3947 547 4004 428.
583 3946 622 4004 lie
640 3950 737 4006 sancto
754 3946 916 4005 Bainundo.

362 4093 390 4151 1.
415 4088 569 4152 confessor
591 4091 715 4167 Domini,
738 4107 849 4164 gemma
870 4089 995 4167 luciflua,

416 4177 591 4235 Raimundus
613 4178 718 4235 renitet
739 4193 805 4234 arce
826 4177 952 4253 politica,

416 4262 578 4333 Cantemus,
601 4263 681 4333 socii,
706 4262 801 4321 dulcia
822 4263 943 4338 cantica,

458 4348 615 4407 laetentur
636 4348 720 4406 simul
741 4349 845 4411 omnia.
