2918 4868
613 277 846 344 —153-

528 492 588 556 256.
624 498 663 555 iic
682 501 778 556 saneto
796 492 945 558 timorato.

628 635 671 689 sto
689 636 829 705 Vesperas.

141 777 170 836 1.
194 775 332 837 Caelestis
355 793 411 836 vox
431 777 551 836 militiae
757 783 786 842 3.
810 780 916 838 Hicin
939 778 1091 852 profundis
1114 781 1240 839 tenebris

195 861 355 935 Concrepet
376 862 405 920 iu
428 863 548 934 laetitia,
810 864 905 924 Patris
928 882 1056 924 errorum
1079 867 1199 939 genitos.

194 946 264 1007 con
287 946 453 1006 Honoratus
475 948 561 1007 hodie
807 950 883 1010 Fide
905 950 1013 1009 Obristi
1033 949 1065 1010 fit
1090 950 1212 1010 celebris

197 1033 362 1090 Honoratur
384 1034 414 1090 in
436 1032 536 1106 gioria.
808 1035 854 1094 Ex
876 1035 921 1094 his
943 1037 1063 1095 eductus
1086 1036 1215 1098 coelitus.

142 1189 172 1245 2.
196 1186 316 1245 Terreni
339 1188 414 1260 regis
436 1187 512 1247 iilius
756 1194 786 1251 4.
807 1189 915 1262 Genus,
939 1206 1008 1264 opes
1031 1197 1060 1249 et
1081 1193 1204 1265 patrium

192 1271 297 1345 Regem
322 1275 473 1331 coelestem
497 1275 634 1348 sequitur,
808 1275 953 1348 Linquens
976 1293 1087 1350 pauper
1108 1274 1242 1350 officitur,

193 1356 284 1430 Regni
310 1374 426 1432 compos
446 1359 574 1431 alterius,
808 1359 957 1420 Profectus
979 1363 1008 1420 in
1030 1362 1143 1421 ltaliam

193 1441 280 1513 Cujus
302 1459 374 1516 opus
397 1445 570 1518 exsequitur.
811 1445 899 1505 Sacro
922 1449 1000 1506 fonte
1023 1448 1188 1507 renascitur.

476 1569 504 1624 5.
528 1563 572 1622 Sit
593 1565 668 1638 patri
692 1566 755 1624 laus
778 1571 807 1623 et
828 1564 887 1624 filio

529 1650 729 1723 Puraolitoque
751 1651 871 1726 pariter,

527 1736 583 1794 Per
605 1751 688 1809 quem
712 1741 813 1809 regnat
834 1738 863 1794 iu
886 1736 958 1794 solio

528 1820 693 1880 Honoratus
715 1820 846 1880 feliciter.

208 1955 283 2006 Brev.
313 1955 487 2020 Majoricense
506 1956 580 2022 imp.
606 1957 726 2007 Venetiis
758 1954 831 2008 1506.
858 1959 888 2007 Α.
916 1982 950 1994 -—
979 1959 1053 2008 Hrev.
1081 1959 1224 2024 Sigenense
1254 1963 1316 2026 imp.

140 2024 367 2089 tiaesaraugostae
388 2021 460 2074 1547.
479 2026 508 2074 H.
528 2053 560 2060 —
578 2021 602 2081 3,
621 2021 773 2089 2gemitus.
793 2029 822 2078 Α.

520 2293 579 2348 257.
615 2293 654 2351 lie
672 2296 768 2351 saneto
788 2292 938 2350 Honorato.

607 2431 650 2485 Ad
667 2432 838 2487 Nocturnum.

141 2573 174 2632 t.
197 2571 307 2645 Gaude,
331 2578 423 2631 mater
444 2572 574 2645 eeclesia,
756 2575 784 2632 3.
809 2573 843 2631 ln
865 2572 1008 2630 Lirinensi
1030 2573 1123 2632 insula

193 2657 285 2716 Tanto
308 2655 431 2716 fecunda
453 2655 522 2729 filio,
808 2657 911 2716 Manus
933 2658 1050 2717 mittens
1072 2660 1110 2718 ad
1133 2657 1221 2719 fort-in

194 2741 280 2815 Cujus
303 2744 381 2801 vitae
402 2743 545 2816 magnalia
809 2741 868 2801 Sub
891 2743 1041 2802 Benedicti
1063 2746 1162 2818 regula

193 2826 277 2887 Claro
300 2835 402 2887 sonam
426 2829 588 2901 praeconio.
806 2827 913 2887 Sancta
930 2826 1012 2888 fovet
1033 2828 1178 2903 obsequio.

138 2983 168 3041 2.
191 2983 256 3043 Jam
278 2982 308 3040 in
331 2988 546 3056 aetate-tenera
751 2985 781 3043 4.
805 2981 956 3054 Subjeotos
978 2988 1063 3055 pater
1083 2982 1199 3044 homilis

190 3067 296 3128 Christi
320 3083 425 3126 vacans
446 3067 592 3140 obsequio,
805 3066 901 3126 Sacris
922 3065 1060 3127 informat
1081 3069 1216 3143 moribus,

191 3152 256 3211 Non
279 3154 422 3212 recusavit
443 3168 548 3227 aspera
808 3152 928 3226 Semper
948 3152 977 3211 in
1000 3153 1096 3213 verbis
1118 3155 1212 3213 rutilis

191 3238 275 3299 Cultu
298 3239 427 3312 projecto
449 3238 536 3312 regio.
805 3237 845 3296 Et
866 3237 961 3296 clarus
983 3238 1012 3298 iu
1035 3240 1179 3312 operibus.

514 3361 542 3418 5.
567 3357 612 3417 sit
632 3357 710 3430 patri
732 3357 794 3415 lans
816 3362 846 3416 et
866 3357 936 3417 filio.

210 3495 285 3545 Bran.
299 3494 474 3612 negotiosum
490 3496 551 3612 imf.
564 3494 684 3543 Venetiis
699 3489 772 3544 1506.
784 3495 816 3545 Α.
829 3520 861 3528 -
880 3495 957 3544 Brov.
969 3493 1113 3560 Sigenenso
1125 3497 1187 3561 imp
1201 3497 1313 3547 Caesar·

140 3569 268 3628 augustae
288 3560 337 3614 154
354 3597 361 3612 .
379 3564 410 3613 B.
429 3589 462 3600 ·-
479 3559 505 3623 2,
557 3562 625 3614 Nam
643 3564 673 3612 in
690 3568 776 3613 aetate
793 3563 825 3612 A.

516 3830 576 3888 258.
609 3829 649 3886 ite
667 3833 764 3887 sanun
783 3829 930 3888 Honorato.

635 3966 678 4022 Ad
696 3966 809 4022 Laudes.

140 4113 168 4171 1.
192 4109 216 4170 O
238 4111 352 4184 praesul
370 4110 551 4170 -houorabiiis
753 4113 783 4172 2.
805 4112 978 4185 Assumptus
999 4112 1029 4169 in
1047 4111 1215 4185 pontificem

191 4197 268 4254 Actu
289 4197 372 4256 simul
395 4204 424 4254 et
446 4198 568 4273 nomine,
804 4196 910 4254 Manus
931 4198 1028 4270 egenis
1050 4198 1154 4271 aperit,

190 4281 364 4359 Honoratus,
388 4283 432 4340 vir
454 4282 558 4341 nobilis
805 4282 897 4342 Porro
919 4283 1054 4342 virtutum
1077 4285 1187 4356 apicem

191 4365 305 4426 Summo
327 4369 463 4426 nuatum
487 4368 619 4430 culmine.
805 4366 912 4425 Christi
934 4384 1034 4429 servus
1053 4386 1109 4427 non
1133 4371 1247 4432 deserit.
