2918 4868
612 270 844 334 -181-

203 446 344 519 Magister
365 446 494 504 introivit
818 445 853 504 In
875 442 1003 516 paradisi
1024 442 1130 500 lumine

201 532 240 589 Et
262 537 291 589 te
312 532 443 606 martyrii
817 529 857 588 Et
879 529 1014 587 virtutum
1038 528 1201 600 dulcedine,

203 617 304 676 Gloria
326 618 481 679 coronarit.
817 615 1018 688 Fragrautiam
1041 613 1206 673 coelestium

421 754 428 766 ,
815 700 939 760 Thomas
961 700 1053 774 spirat
1075 704 1243 772 aromatum,

326 753 366 804 Ad
384 753 508 803 anm’
816 786 881 846 Non
902 785 1042 863 exsilium,
1064 785 1191 860 gladium

138 860 174 916 Δ.
198 856 324 930 areptus
346 873 364 915 a
386 854 539 916 formidine
817 871 866 930 itti
887 869 1001 930 nocem
1020 870 1154 945 amplios.

203 942 332 1017 Regnum
355 947 432 1000 tenet
453 943 512 1014 jam
535 941 626 1000 libere

207 1060 282 1110 Brsv.
307 1058 537 1126 Calagurritanum
562 1064 589 1109 et
610 1058 775 1109 edctaoense
797 1059 860 1123 imp.
884 1058 1012 1107 Lucronii
1037 1052 1110 1108 1543.
1137 1058 1168 1107 A.
1186 1083 1219 1092 -
1238 1051 1314 1108 Brev.

138 1126 281 1194 Sigenense
305 1131 366 1194 imp.
385 1129 613 1193 (iaessrsugustae
639 1124 712 1178 1547.
730 1127 761 1176 B.
786 1151 819 1160 ·-
836 1127 867 1176 lu
888 1122 910 1174 l.
928 1127 1008 1190 Vesp.
1029 1125 1068 1175 nd
1086 1127 1189 1193 Magn:
1212 1127 1315 1190 Martyr

137 1197 254 1257 ‘rhomn‚
281 1203 381 1262 martyr
406 1198 456 1248 Dei
483 1198 598 1263 pretiose
624 1201 673 1247 etc.
708 1195 768 1262 Vgl.
792 1194 920 1245 Analecta
943 1195 1024 1256 xlll,
1050 1190 1102 1244 242
1125 1196 1171 1245 Nr.
1194 1190 1240 1252 93,
1266 1211 1315 1245 aus

138 1265 261 1317 welchem
279 1265 400 1316 Officium
418 1264 605 1317 vorstehendes
623 1264 691 1315 noch
710 1263 820 1314 auderes
838 1262 964 1313 entlehnt.
983 1291 1009 1298 —
1032 1262 1091 1312 Inv.
1111 1259 1123 1311 l
1143 1263 1314 1315 Exsultemus

137 1336 195 1385 Deo
214 1335 247 1385 A.
265 1361 300 1372 -
318 1335 384 1386 Ibid.
403 1332 485 1397 3Qui
502 1333 576 1384 dedit
586 1332 704 1383 Thomas
717 1335 746 1381 B.
759 1358 792 1369 -
805 1332 873 1381 Ibid.
891 1328 1039 1381 4Palmam
1058 1337 1085 1381 st
1101 1346 1226 1382 coronam
1238 1333 1268 1383 Β.
1281 1361 1313 1369 -

138 1404 169 1452 In
190 1400 211 1454 l.
230 1403 307 1453 Nori.
326 1399 347 1452 A
368 1401 380 1453 l
401 1404 485 1454 lactet
502 1403 530 1452 in
548 1403 582 1452 B:

561 1486 729 1538 Gaudeamus
747 1487 864 1535 universi

597 1555 725 1605 eeclesiae
742 1553 799 1613 filii,

563 1622 684 1673 Gaudeat
702 1622 842 1688 specialius

596 1707 666 1742 nuuc
684 1691 828 1758 Anglorum
846 1690 959 1756 populus

563 1761 603 1810 De
621 1762 747 1826 martyrio
769 1760 840 1810 beati

597 1827 714 1880 Thomas
730 1823 967 1895 [arohinrasaulis.

138 1911 159 1964 A
186 1912 213 1975 l,
238 1911 255 1965 2
280 1916 349 1966 intra
373 1915 471 1966 bellum
489 1916 518 1964 B.
544 1911 617 1964 -A
643 1911 669 1978 l,
693 1912 765 1966 tm
787 1913 854 1964 fehlt
870 1917 900 1965 B.
923 1911 994 1964 -A
1016 1913 1046 1966 2:
1069 1916 1208 1967 Gloriosus
1229 1916 1312 1966 intras.

135 1984 238 2036 coelum
257 1988 306 2034 etc
323 1985 353 2033 B.
373 2010 404 2018 —
425 1979 445 2032 Β
462 1979 487 2045 3,
505 1980 522 2033 3
540 1999 579 2049 aq.
597 1985 710 2035 Nostrae
727 1983 814 2034 laudis
832 1983 971 2045 sacrificia,
989 1987 1102 2051 impetra
1118 1985 1196 2035 uobis
1214 1984 1267 2035 AB.
1280 2011 1314 2021 -

136 2054 168 2102 In
185 2048 210 2102 2.
230 2053 305 2102 Noct
324 2048 345 2101 A
365 2051 392 2102 l:
411 2052 502 2103 Laude
520 2057 566 2102 tua
583 2053 657 2102 Deus
675 2057 724 2103 etc
742 2052 773 2102 Β.
792 2077 823 2086 -
843 2048 863 2100 A
881 2048 910 2102 2:
935 2054 1048 2104 Tantum
1067 2053 1179 2118 profetat
1195 2053 1235 2113 tl:
1254 2068 1315 2118 pro·

136 2120 208 2183 tecit)
230 2136 276 2171 rex
299 2123 327 2170 in
348 2119 400 2170 tide
423 2136 440 2171 s
462 2126 554 2171 sancto
576 2120 709 2171 eruditore
732 2135 793 2182 suo,
817 2125 847 2170 ut
871 2124 1011 2187 optimates
1035 2137 1098 2172 suos
1116 2127 1143 2172 st
1156 2125 1235 2186 gente
1253 2136 1315 2171 sara

135 2194 214 2254 gente
237 2205 325 2239 socam
348 2188 445 2240 lucrari
469 2189 575 2240 Christo
599 2192 629 2240 Β.
653 2215 688 2225 -
712 2185 733 2238 Α
755 2184 785 2239 3:
812 2189 864 2239 Pro
888 2191 1100 2241 interfectoribus
1125 2194 1184 2240 orat
1206 2194 1313 2240 sauctus

135 2258 251 2307 Thomas
279 2258 383 2308 diccunt
414 2258 527 2308 Domiim
552 2258 619 2309 Jssu
647 2257 762 2320 Christe,
795 2263 822 2307 st
851 2274 892 2308 ms
922 2260 950 2308 in
980 2274 1044 2325 pace
1069 2259 1175 2324 suscipe
1201 2262 1228 2309 et
1253 2259 1313 2307 istis

137 2329 268 2377 miserere.
287 2352 320 2361 -
340 2329 371 2377 In
395 2322 420 2376 3.
439 2326 514 2377 Noot
538 2322 559 2375 A
584 2325 610 2376 l:
633 2329 689 2379 Rex
707 2326 870 2377 saeculorum
890 2333 938 2377 stc.
957 2330 986 2377 B.
1004 2353 1038 2363 -
1057 2323 1078 2376 A
1095 2322 1123 2377 2:
1150 2327 1246 2377 Amore
1263 2326 1313 2377 ser·

136 2410 200 2445 vens
223 2395 314 2445 divino
338 2401 385 2445 etc
405 2395 435 2445 B.
470 2396 531 2460 Vgl.
549 2395 680 2446 Analecta
701 2396 768 2446 x111
790 2395 808 2446 l.
832 2411 854 2445 c.
879 2423 913 2432 —
931 2391 952 2444 A
969 2392 998 2446 3:
1023 2397 1075 2447 Pro
1093 2397 1178 2446 uncti
1195 2395 1313 2446 'l'liomas

136 2465 238 2514 meritis
256 2471 305 2514 sto.
323 2465 353 2514 B.
370 2462 438 2515 Ibid.
456 2491 488 2499 -
506 2465 539 2515 In
554 2464 639 2515 Laud.
660 2460 681 2513 A
701 2461 723 2525 l,
742 2460 758 2514 2
775 2464 837 2514 Jam
857 2466 885 2514 iu
901 2479 968 2581 goos
979 2465 1078 2515 Christi
1093 2465 1224 2530 perfluens
1236 2464 1266 2514 Β
1278 2491 1313 2500 -

136 2528 157 2581 A
174 2529 204 2595 4,
232 2529 249 2583 2
266 2533 393 2583 doctrinis
412 2533 441 2581 Β.
460 2558 493 2567 -
513 2530 533 2582 A
551 2530 581 2599 4,
600 2529 617 2585 3
635 2534 783 2583 beatissimi
801 2535 830 2582 Β.
848 2559 882 2568 -

135 2605 178 2650 tur
195 2600 224 2650 Β.
243 2630 275 2638 -
295 2595 317 2651 A
334 2598 364 2662 4,
383 2598 398 2650 t
416 2601 481 2652 fehlt
497 2602 528 2651 Β.
547 2627 579 2637 -
599 2598 620 2651 A
638 2599 669 2662 5,
688 2597 704 2651 2
722 2601 837 2651 Thomas
855 2601 958 2652 coelibe
975 2604 1005 2652 B.
1023 2627 1057 2636 -
1075 2597 1096 2650 A
1113 2600 1138 2666 5,
1156 2598 1172 2651 7
1189 2607 1315 2652 canerent

134 2669 166 2719 B.
186 2697 220 2706 -
243 2669 283 2720 Ad
307 2670 388 2720 Prim.
408 2665 443 2718 A:
463 2670 636 2721 Honorabilis
654 2670 768 2736 Angliao
790 2675 837 2720 stc.
857 2673 886 2720 B.
911 2696 941 2705 —
960 2669 1000 2720 Ad
1017 2671 1087 2720 Tert.
1106 2665 1142 2719 A:
1164 2670 1276 2721 Erectus
1296 2685 1315 2720 a

135 2737 274 2789 formidine
292 2741 322 2788 B.
342 2764 375 2774 -
392 2740 424 2789 In
441 2735 465 2789 2.
482 2740 562 2805 Vesp.
581 2739 615 2790 ad
632 2740 722 2804 Magn.
740 2759 774 2778 =
792 2734 813 2787 A
830 2738 864 2788 ad
884 2738 980 2789 Beued.

940 2531 968 2596 4,
987 2531 1003 2583 5
1021 2535 1173 2584 universum
1190 2533 1313 2599 delegan-

538 2974 581 3031 os.
616 2975 654 3031 lle
673 2974 769 3031 sancto
787 2973 908 3031 lnribio.

258 3101 299 3159 Iu
324 3101 351 3160 1.
374 3102 569 3174 Vesperis.
918 3099 961 3151 Ad
980 3098 1140 3165 Mmffiffll»

750 3190 788 3250 A.
810 3186 928 3246 Transit
948 3202 1058 3261 pauper

857 3273 894 3332 ad
917 3273 997 3346 regni
1018 3272 1162 3346 gaudium,

134 3358 170 3416 Δ.
195 3356 304 3429 Gaude,
328 3354 398 3415 lelix
815 3357 902 3432 Fugit
923 3358 1039 3432 praesul

237 3458 341 3514 parens
364 3442 509 3515 Galaecia,
857 3441 947 3502 fluens
970 3443 1111 3515 exsilium,

198 3527 308 3586 Tantae
329 3529 421 3600 prolis
814 3528 927 3602 Degens
949 3529 1017 3588 olim

238 3614 309 3672 dans
331 3614 437 3673 mundo
459 3614 565 3688 gaudia
856 3615 978 3673 desertis
1000 3613 1147 3692 montium,

199 3698 320 3773 Taribii,
815 3699 871 3761 Ubi
894 3700 954 3775 agit

242 3785 302 3844 nati
324 3785 476 3858 Hispania,
855 3786 1039 3859 tranquillum
1060 3786 1159 3848 odom.

199 3867 502 4035 Seglgluldffizlesia
870 3923 926 3982 Ad
947 3922 1191 3987 Matutinum.

198 4040 402 4113 asturicensis,
933 4023 1127 4072 Invitntorinm.

242 4142 329 4201 agens
350 4127 496 4200 solemnia,
814 4110 921 4169 Adsinl
942 4110 1053 4169 Turibii

198 4211 284 4270 Tanti
306 4215 398 4285 patris
855 4196 932 4255 laeta
952 4197 1099 4267 solemnia,

241 4295 352 4371 fulgens
373 4301 545 4373 praesentia.
815 4282 838 4340 P
840 4298 872 4340 ¹⁰
893 4280 995 4355 ‘llil‘ut
1017 4282 1114 4356 Raudii

858 4364 964 4426 tratur
982 4367 1081 4441 gloria

303 3235 387 3301 Super
405 3236 533 3287 Psalmos.
