2918 4868
602 277 830 342 -193-

128 455 157 514 3.
182 450 264 510 lllius
287 469 350 509 nam
374 452 511 510 solemnia
743 455 772 514 6.
796 452 898 510 Mundi
921 469 976 510 nen
996 452 1096 524 juncta
1120 453 1251 526 principe

180 535 365 595 celebramus
386 536 531 608 divinitus,
797 537 875 598 Coeli
896 537 1026 596 laudavit
1049 538 1205 610 dominum,

183 621 230 680 Ad
253 628 413 680 nostrerum
437 621 566 680 subsidia
796 623 843 683 llli
866 640 917 681 nes
937 623 1018 696 jungi
1038 623 1185 696 praecipe,

183 708 290 782 Veni,
315 716 452 765 crater
474 708 656 781 spiritus.
793 711 902 780 lesu,
934 724 1075 766 eerena
1097 708 1305 783 virgiuum.

128 813 158 870 4.
181 810 238 867 Pre
261 809 375 869 Christe
397 815 477 868 trusa
499 827 615 869 earcere
742 814 770 872 7.
794 812 817 871 0
840 811 1010 883 llatharina,
1034 812 1155 890 penitus,

180 895 305 954 Therum
330 896 462 967 despexit
483 897 601 973 regium,
794 897 855 954 Deo
877 912 977 969 preces
999 897 1139 969 accelera,

181 981 264 1039 Hane
286 980 451 1040 sublimavit
472 982 589 1040 aethere
793 981 884 1040 Nebis
906 989 938 1039 nt
961 982 1066 1040 dentur
1089 983 1207 1041 coelitus

181 1068 314 1125 Rerum
345 1071 498 1125 creater
519 1067 707 1147 emnium„
794 1067 1300 1127 AeternaGhristimunera.

130 1175 158 1232 5.
182 1171 238 1230 Pro
261 1168 372 1242 virgine
395 1168 586 1242 multiplicant
741 1173 770 1230 8.
793 1171 881 1241 Quem
905 1169 1126 1228 contremiseunt
1151 1170 1180 1227 in
1192 1168 1262 1240 iera,

181 1255 333 1315 Sebelaree
355 1254 472 1313 laudum
494 1272 612 1313 munera
794 1258 863 1314 Luni
885 1254 955 1327 filie,
978 1271 1041 1313 cum
1063 1253 1177 1313 flamine

181 1340 305 1401 eoelesti
328 1339 399 1416 regi,
420 1340 590 1413 praedicant
795 1340 937 1412 Regnanti
960 1357 1047 1413 super
1064 1342 1183 1400 aethera

182 1427 310 1500 Quem,
361 1431 486 1498 terra,
530 1432 688 1498 pentus,
794 1426 930 1485 Gloria
951 1425 1233 1502 tibi,Demine.

485 1511 655 1571 aethera.

128 1697 144 1749 7
173 1632 337 1749 ῙΒᾶθὲᾘῗε.
358 1631 550 1680 barcinonense
568 1646 636 1680 saee.
657 1627 696 1679 15.
710 1629 773 1679 cod.
791 1630 864 1679 tren.
880 1631 1006 1695 Arragon.
1020 1629 1181 1692 Rivipullen.
1202 1626 1257 1680 145.
1271 1657 1305 1667 -

146 1735 153 1759 ‚
254 1715 269 1751 a

503 1863 565 1921 332.
600 1864 638 1921 lle
656 1865 752 1922 ennete
769 1861 929 1922 Laurentia.

573 1984 616 2040 Ad
635 1986 714 2056 Vesp.
733 1991 759 2042 et
776 1986 854 2041 Nect.

132 2113 160 2173 1.
185 2111 240 2171 ilie
264 2111 325 2170 dies
349 2111 520 2171 venerabilis
742 2114 771 2172 3.
794 2114 916 2171 Assatus
937 2111 967 2168 in
991 2108 1129 2167 eraticula

184 2196 284 2257 illuxit
305 2196 410 2254 mundo
433 2196 564 2268 celebris,
794 2197 882 2256 ltidet
904 2195 977 2268 ignis
1001 2194 1142 2268 incendia,

136 2306 141 2312 ·
184 2285 218 2343 Iu
241 2299 297 2355 (pne
320 2282 411 2341 vietor
431 2282 604 2340 Laurentius
793 2283 933 2354 Mensque
955 2279 1107 2352 conjuncta
1129 2279 1251 2337 Domine

182 2368 298 2430 Caelum
322 2368 489 2426 eonseendit
511 2367 689 2441 splendidus.
795 2367 883 2425 Nulla
910 2365 997 2424 sentit
1018 2365 1156 2438 pericula.

130 2475 160 2532 2.
185 2472 304 2544 Cardes,
328 2470 500 2544 plumbatos,
524 2470 652 2545 verbera,
742 2472 771 2531 4.
795 2469 937 2538 Selloe,
962 2467 1048 2526 deeus
1070 2467 1304 2540 praemaximum,

183 2557 312 2616 Terteris
336 2556 399 2615 dira
421 2555 539 2615 brachie
797 2554 942 2629 Laurenti,
964 2554 1044 2611 sidus
1066 2569 1192 2626 aureum,

183 2642 284 2701 Levita
306 2642 395 2701 vineit
416 2641 522 2700 nobilis
797 2640 875 2699 (laeli
898 2644 1049 2711 terraeque
1071 2638 1223 2696 Dominum

183 2728 295 2786 Virtute
319 2728 379 2786 divi
399 2727 522 2788 luminis.
796 2726 840 2784 Tu
862 2724 943 2783 nobis
966 2725 1056 2784 redde
1078 2724 1232 2797 placidum.

478 2835 507 2892 5.
533 2829 678 2888 Laudetur
699 2829 823 2887 clemens
846 2828 940 2886 unitas

529 2915 568 2973 Et
591 2931 659 2972 vera
680 2913 736 2972 Dei
758 2913 881 2990 trinitaS,

530 3000 608 3073 Quae
631 2999 680 3057 dat
702 2999 773 3058 haee
794 2999 900 3056 mundo
922 2997 1027 3072 gaudia

530 3085 586 3143 Per
607 3085 742 3157 martyris
763 3083 909 3143 solemnia.

197 3204 273 3253 Brev.
292 3218 340 3252 ms.
359 3203 385 3253 S.
404 3202 535 3252 lobannis
552 3202 584 3252 de
603 3201 677 3250 l’inis
696 3215 764 3250 saee.
786 3197 825 3249 13.
843 3200 906 3251 Cod.
925 3199 1069 3250 Seorialeu.
1082 3200 1102 3247 P
1115 3198 1162 3248 llI.
1183 3195 1222 3247 14.
1242 3197 1302 3248 add.

129 3287 197 3321 anae.
223 3269 262 3321 15.
285 3270 314 3319 A.
334 3299 366 3305 -
386 3271 462 3321 Brev.
481 3272 596 3321 Oscense
614 3274 640 3320 et
656 3270 784 3320 Jaeeense
802 3271 863 3334 imp.
881 3268 1039 3332 caesaraug.
1060 3263 1133 3317 1505.
1152 3266 1181 3315 B.
1194 3293 1229 3303 -
1246 3264 1271 3327 5,
1291 3261 1303 3315 i

125 3336 271 3390 Plandatur
286 3340 400 3391 clemens
418 3339 449 3389 A.

498 3521 560 3579 333.
594 3523 632 3579 lle
655 3524 751 3579 ennete
769 3517 930 3577 Laurentio.

630 3642 672 3698 Ad
691 3641 804 3697 Laudes.

129 3769 156 3833 l.
179 3769 312 3829 Exsultet
335 3784 410 3827 nune
431 3769 582 3842 Hispania,
743 3770 772 3829 3.
793 3768 909 3839 Martyr
931 3766 986 3825 Dei
1008 3765 1179 3824 Laurentius

180 3853 290 3917 iubilet
313 3855 404 3914 Reum
426 3854 550 3913 modulis
795 3853 872 3911 Mira
895 3850 1003 3911 Christi
1025 3850 1154 3924 petentia

182 3941 239 3999 Pre
262 3939 367 3999 levitae
390 3940 518 4012 victoria,
796 3937 923 3997 Fervore
945 3937 1038 3995 sancti
1060 3936 1178 4010 spiritus

179 4025 233 4098 Qui
255 4032 355 4100 regnat
377 4042 440 4083 eum
464 4025 616 4088 coelicolis.
797 4024 874 4097 Ignis
896 4022 966 4081 vicit
987 4022 1130 4084 incendia.

128 4132 156 4192 2.
183 4129 371 4202 Dispensater
392 4128 530 4188 ecelesiae
743 4129 771 4185 t.
796 4126 945 4185 Gloriosus
966 4125 996 4183 in
1019 4125 1129 4198 proelio

179 4214 341 4273 Thesauros
365 4215 415 4273 dat
437 4213 621 4287 pauperibus,
797 4212 933 4270 Terrores
956 4211 1067 4284 spernit
1089 4209 1202 4268 fortiter

181 4299 334 4373 Baptiaana
358 4299 436 4359 lente
458 4300 568 4374 gratiae
794 4297 951 4357 Exsultans
973 4298 1003 4354 in
1026 4296 1164 4372 martyrio

181 4386 298 4446 eoelum
321 4391 431 4444 reserat
453 4384 595 4459 gentibus.
796 4384 906 4442 Poenas
929 4381 1018 4441 eurrit
1041 4381 1184 4441 alacriter.

179 4492 293 4540 Dreros.
307 4491 427 4544 llyuuedia
440 4489 547 4534 Hiberica.
1128 4477 1158 4530 13
