<?xml version="1.0" encoding="UTF-8"?>
<!DOCTYPE html PUBLIC "-//W3C//DTD XHTML 1.0 Transitional//EN"
    "http://www.w3.org/TR/xhtml1/DTD/xhtml1-transitional.dtd">
<html xmlns="http://www.w3.org/1999/xhtml" xml:lang="en" lang="en">
 <head>
  <title>
</title>
<meta http-equiv="Content-Type" content="text/html;charset=utf-8" />
  <meta name='ocr-system' content='tesseract 3.04.00' />
  <meta name='ocr-capabilities' content='ocr_page ocr_carea ocr_par ocr_line ocrx_word'/>
</head>
<body>
  <div class='ocr_page' id='page_1' title='image "./hymnodiahiberic00drevgoog_0265.png"; bbox 0 0 2918 4868; ppageno 0'>
   <div class='ocr_carea' id='block_1_1' title="bbox 629 217 861 283">
    <p class='ocr_par' dir='ltr' id='par_1_1' title="bbox 629 217 861 283">
     <span class='ocr_line' id='line_1_1' title="bbox 629 217 861 283; baseline -0.013 0"><span class='ocrx_word' id='word_1_1' title='bbox 629 217 861 283; x_wconf 84' lang='lat'>-258-</span> 
     </span>
    </p>
   </div>
   <div class='ocr_carea' id='block_1_2' title="bbox 483 436 1009 496">
    <p class='ocr_par' dir='ltr' id='par_1_2' title="bbox 483 436 1009 496">
     <span class='ocr_line' id='line_1_2' title="bbox 483 436 1009 496; baseline -0.002 0"><span class='ocrx_word' id='word_1_2' title='bbox 483 439 547 496; x_wconf 80' lang='lat' dir='ltr'><strong>lto.</strong></span> <span class='ocrx_word' id='word_1_3' title='bbox 583 439 622 495; x_wconf 82' lang='lat' dir='ltr'><strong>lle</strong></span> <span class='ocrx_word' id='word_1_4' title='bbox 640 452 663 495; x_wconf 87' lang='lat' dir='ltr'><strong>s.</strong></span> <span class='ocrx_word' id='word_1_5' title='bbox 682 437 785 495; x_wconf 79' lang='lat' dir='ltr'><strong>&#39;llum</strong></span> <span class='ocrx_word' id='word_1_6' title='bbox 802 436 1009 495; x_wconf 76' lang='lat' dir='ltr'><strong>cantuariensi.</strong></span> 
     </span>
    </p>
   </div>
   <div class='ocr_carea' id='block_1_3' title="bbox 659 590 838 648">
    <p class='ocr_par' dir='ltr' id='par_1_3' title="bbox 659 590 838 648">
     <span class='ocr_line' id='line_1_3' title="bbox 659 590 838 648; baseline -0.006 -2"><span class='ocrx_word' id='word_1_7' title='bbox 659 593 703 648; x_wconf 79' lang='lat' dir='ltr'><strong>Ad</strong></span> <span class='ocrx_word' id='word_1_8' title='bbox 721 590 838 648; x_wconf 86' lang='lat' dir='ltr'><strong>Laudes.</strong></span> 
     </span>
    </p>
   </div>
   <div class='ocr_carea' id='block_1_4' title="bbox 404 751 1112 1073">
    <p class='ocr_par' dir='ltr' id='par_1_4' title="bbox 404 751 1112 1000">
     <span class='ocr_line' id='line_1_4' title="bbox 404 751 1112 832; baseline 0 -20"><span class='ocrx_word' id='word_1_9' title='bbox 404 757 432 817; x_wconf 91' lang='lat'><strong>1.</strong></span> <span class='ocrx_word' id='word_1_10' title='bbox 455 751 600 812; x_wconf 89' lang='lat' dir='ltr'><strong>Praesulis</strong></span> <span class='ocrx_word' id='word_1_11' title='bbox 623 754 757 832; x_wconf 84' lang='lat' dir='ltr'><strong>Thomae,</strong></span> <span class='ocrx_word' id='word_1_12' title='bbox 783 771 893 813; x_wconf 90' lang='lat' dir='ltr'><strong>summa</strong></span> <span class='ocrx_word' id='word_1_13' title='bbox 915 754 1001 813; x_wconf 89' lang='lat' dir='ltr'><strong>laude</strong></span> <span class='ocrx_word' id='word_1_14' title='bbox 1024 754 1112 830; x_wconf 80' lang='lat' dir='ltr'>digni,</span> 
     </span>
     <span class='ocr_line' id='line_1_5' title="bbox 457 839 1054 916; baseline -0.005 -16"><span class='ocrx_word' id='word_1_15' title='bbox 457 840 554 916; x_wconf 88' lang='lat' dir='ltr'><strong>Gesta,</strong></span> <span class='ocrx_word' id='word_1_16' title='bbox 577 839 669 913; x_wconf 81' lang='lat' dir='ltr'>plebs,</span> <span class='ocrx_word' id='word_1_17' title='bbox 692 856 792 915; x_wconf 80' lang='lat' dir='ltr'><strong>prome</strong></span> <span class='ocrx_word' id='word_1_18' title='bbox 813 840 918 912; x_wconf 74' lang='lat' dir='ltr'><strong>gaudio</strong></span> <span class='ocrx_word' id='word_1_19' title='bbox 940 840 1054 915; x_wconf 83' lang='lat' dir='ltr'><strong>insigni,</strong></span> 
     </span>
     <span class='ocr_line' id='line_1_6' title="bbox 456 925 964 1000; baseline -0.006 -13"><span class='ocrx_word' id='word_1_20' title='bbox 456 927 497 987; x_wconf 94' lang='lat' dir='ltr'><strong>Ut</strong></span> <span class='ocrx_word' id='word_1_21' title='bbox 518 926 579 998; x_wconf 88' lang='lat' dir='ltr'><strong>ejus</strong></span> <span class='ocrx_word' id='word_1_22' title='bbox 601 941 688 998; x_wconf 80' lang='lat' dir='ltr'><strong>prece</strong></span> <span class='ocrx_word' id='word_1_23' title='bbox 709 943 727 985; x_wconf 91' lang='lat' dir='ltr'><strong>a</strong></span> <span class='ocrx_word' id='word_1_24' title='bbox 748 925 861 1000; x_wconf 88' lang='lat' dir='ltr'><strong>peceati</strong></span> <span class='ocrx_word' id='word_1_25' title='bbox 884 925 964 984; x_wconf 80' lang='lat' dir='ltr'><strong>faece</strong></span> 
     </span>
    </p>

    <p class='ocr_par' dir='ltr' id='par_1_5' title="bbox 499 1009 695 1073">
     <span class='ocr_line' id='line_1_7' title="bbox 499 1009 695 1073; baseline 0 -1"><span class='ocrx_word' id='word_1_26' title='bbox 499 1009 695 1073; x_wconf 86' lang='lat' dir='ltr'><strong>Purifioemnr.</strong></span> 
     </span>
    </p>
   </div>
   <div class='ocr_carea' id='block_1_5' title="bbox 405 1165 1011 1482">
    <p class='ocr_par' dir='ltr' id='par_1_6' title="bbox 405 1165 1011 1482">
     <span class='ocr_line' id='line_1_8' title="bbox 405 1165 927 1238; baseline -0.008 -12"><span class='ocrx_word' id='word_1_27' title='bbox 405 1169 435 1226; x_wconf 89' lang='lat'><strong>2.</strong></span> <span class='ocrx_word' id='word_1_28' title='bbox 457 1165 515 1223; x_wconf 89' lang='lat' dir='ltr'><strong>llio</strong></span> <span class='ocrx_word' id='word_1_29' title='bbox 536 1165 666 1238; x_wconf 78' lang='lat' dir='ltr'><strong>agonista</strong></span> <span class='ocrx_word' id='word_1_30' title='bbox 689 1165 760 1223; x_wconf 90' lang='lat' dir='ltr'><strong>mire</strong></span> <span class='ocrx_word' id='word_1_31' title='bbox 782 1165 927 1223; x_wconf 88' lang='lat' dir='ltr'><strong>laureatus</strong></span> 
     </span>
     <span class='ocr_line' id='line_1_9' title="bbox 457 1250 942 1323; baseline -0.002 -14"><span class='ocrx_word' id='word_1_32' title='bbox 457 1250 510 1309; x_wconf 83' lang='lat' dir='ltr'><strong>Est</strong></span> <span class='ocrx_word' id='word_1_33' title='bbox 533 1250 581 1308; x_wconf 88' lang='lat' dir='ltr'><strong>die</strong></span> <span class='ocrx_word' id='word_1_34' title='bbox 602 1251 658 1309; x_wconf 87' lang='lat' dir='ltr'><strong>isto</strong></span> <span class='ocrx_word' id='word_1_35' title='bbox 679 1251 787 1309; x_wconf 85' lang='lat' dir='ltr'><strong>sanctis</strong></span> <span class='ocrx_word' id='word_1_36' title='bbox 809 1250 942 1323; x_wconf 88' lang='lat' dir='ltr'><strong>sociatus,</strong></span> 
     </span>
     <span class='ocr_line' id='line_1_10' title="bbox 457 1335 1011 1405; baseline -0.002 -11"><span class='ocrx_word' id='word_1_37' title='bbox 457 1335 584 1394; x_wconf 86' lang='lat' dir='ltr'><strong>Fernido</strong></span> <span class='ocrx_word' id='word_1_38' title='bbox 604 1336 666 1394; x_wconf 87' lang='lat' dir='ltr'><strong>zelo</strong></span> <span class='ocrx_word' id='word_1_39' title='bbox 687 1341 753 1394; x_wconf 86' lang='lat' dir='ltr'><strong>orat</strong></span> <span class='ocrx_word' id='word_1_40' title='bbox 772 1352 847 1395; x_wconf 87' lang='lat' dir='ltr'><strong>nuno</strong></span> <span class='ocrx_word' id='word_1_41' title='bbox 868 1336 899 1393; x_wconf 90' lang='lat' dir='ltr'><strong>iu</strong></span> <span class='ocrx_word' id='word_1_42' title='bbox 922 1336 1011 1405; x_wconf 88' lang='lat' dir='ltr'><strong>eaelo,</strong></span> 
     </span>
     <span class='ocr_line' id='line_1_11' title="bbox 498 1421 737 1482; baseline -0.008 -1"><span class='ocrx_word' id='word_1_43' title='bbox 498 1421 540 1482; x_wconf 86' lang='lat' dir='ltr'><strong>Ut</strong></span> <span class='ocrx_word' id='word_1_44' title='bbox 561 1437 737 1480; x_wconf 80' lang='lat' dir='ltr'><strong>coronemur.</strong></span> 
     </span>
    </p>
   </div>
   <div class='ocr_carea' id='block_1_6' title="bbox 406 1573 1055 1891">
    <p class='ocr_par' dir='ltr' id='par_1_7' title="bbox 406 1573 1055 1891">
     <span class='ocr_line' id='line_1_12' title="bbox 406 1573 1055 1653; baseline -0.003 -17"><span class='ocrx_word' id='word_1_45' title='bbox 406 1578 435 1637; x_wconf 80' lang='lat'><strong>3.</strong></span> <span class='ocrx_word' id='word_1_46' title='bbox 458 1573 598 1647; x_wconf 83' lang='lat' dir='ltr'><strong>Martyris</strong></span> <span class='ocrx_word' id='word_1_47' title='bbox 621 1574 685 1647; x_wconf 87' lang='lat' dir='ltr'><strong>Dei,</strong></span> <span class='ocrx_word' id='word_1_48' title='bbox 709 1575 836 1633; x_wconf 79' lang='lat' dir='ltr'><strong>Tlnomae</strong></span> <span class='ocrx_word' id='word_1_49' title='bbox 857 1575 1055 1653; x_wconf 76' lang='lat' dir='ltr'><strong>collaetantur,</strong></span> 
     </span>
     <span class='ocr_line' id='line_1_13' title="bbox 457 1659 959 1733; baseline -0.002 -14"><span class='ocrx_word' id='word_1_50' title='bbox 457 1660 593 1719; x_wconf 81' lang='lat' dir='ltr'><strong>Serviunt</strong></span> <span class='ocrx_word' id='word_1_51' title='bbox 614 1660 641 1717; x_wconf 89' lang='lat' dir='ltr'><strong>ei</strong></span> <span class='ocrx_word' id='word_1_52' title='bbox 664 1659 722 1718; x_wconf 88' lang='lat' dir='ltr'><strong>vivi</strong></span> <span class='ocrx_word' id='word_1_53' title='bbox 744 1665 774 1717; x_wconf 92' lang='lat' dir='ltr'><strong>et</strong></span> <span class='ocrx_word' id='word_1_54' title='bbox 795 1666 959 1733; x_wconf 75' lang='lat' dir='ltr'><strong>precantur,</strong></span> 
     </span>
     <span class='ocr_line' id='line_1_14' title="bbox 457 1745 943 1807; baseline -0.002 -1"><span class='ocrx_word' id='word_1_55' title='bbox 457 1747 497 1807; x_wconf 90' lang='lat' dir='ltr'><strong>Ut</strong></span> <span class='ocrx_word' id='word_1_56' title='bbox 519 1745 664 1804; x_wconf 82' lang='lat' dir='ltr'><strong>socientur</strong></span> <span class='ocrx_word' id='word_1_57' title='bbox 685 1745 730 1803; x_wconf 93' lang='lat' dir='ltr'><strong>illi</strong></span> <span class='ocrx_word' id='word_1_58' title='bbox 751 1752 780 1806; x_wconf 90' lang='lat' dir='ltr'><strong>et</strong></span> <span class='ocrx_word' id='word_1_59' title='bbox 801 1746 943 1805; x_wconf 89' lang='lat' dir='ltr'><strong>laetentur</strong></span> 
     </span>
     <span class='ocr_line' id='line_1_15' title="bbox 521 1830 699 1891; baseline 0.011 -3"><span class='ocrx_word' id='word_1_60' title='bbox 521 1831 585 1890; x_wconf 87' lang='lat' dir='ltr'><strong>Vita</strong></span> <span class='ocrx_word' id='word_1_61' title='bbox 606 1830 699 1891; x_wconf 83' lang='lat' dir='ltr'><strong>beata.</strong></span> 
     </span>
    </p>
   </div>
   <div class='ocr_carea' id='block_1_7' title="bbox 408 1984 1069 2313">
    <p class='ocr_par' dir='ltr' id='par_1_8' title="bbox 408 1984 1069 2229">
     <span class='ocr_line' id='line_1_16' title="bbox 408 1984 1029 2060; baseline -0.003 -15"><span class='ocrx_word' id='word_1_62' title='bbox 408 1988 437 2047; x_wconf 82' lang='lat'><strong>4.</strong></span> <span class='ocrx_word' id='word_1_63' title='bbox 461 1985 549 2058; x_wconf 81' lang='lat' dir='ltr'><strong>Aegri</strong></span> <span class='ocrx_word' id='word_1_64' title='bbox 572 1984 666 2043; x_wconf 88' lang='lat' dir='ltr'><strong>sanati</strong></span> <span class='ocrx_word' id='word_1_65' title='bbox 687 1990 784 2058; x_wconf 78' lang='lat' dir='ltr'><strong>grates</strong></span> <span class='ocrx_word' id='word_1_66' title='bbox 807 1985 877 2042; x_wconf 90' lang='lat' dir='ltr'><strong>dant</strong></span> <span class='ocrx_word' id='word_1_67' title='bbox 899 1990 1029 2060; x_wconf 86' lang='lat' dir='ltr'><strong>patmuo,</strong></span> 
     </span>
     <span class='ocr_line' id='line_1_17' title="bbox 457 2069 993 2147; baseline 0.002 -20"><span class='ocrx_word' id='word_1_68' title='bbox 457 2069 539 2143; x_wconf 81' lang='lat' dir='ltr'><strong>Quod</strong></span> <span class='ocrx_word' id='word_1_69' title='bbox 559 2069 667 2129; x_wconf 85' lang='lat' dir='ltr'><strong>visitati</strong></span> <span class='ocrx_word' id='word_1_70' title='bbox 689 2069 747 2128; x_wconf 90' lang='lat' dir='ltr'><strong>sint</strong></span> <span class='ocrx_word' id='word_1_71' title='bbox 769 2071 885 2129; x_wconf 83' lang='lat' dir='ltr'><strong>coelesti</strong></span> <span class='ocrx_word' id='word_1_72' title='bbox 909 2071 993 2147; x_wconf 86' lang='lat' dir='ltr'><strong>dono,</strong></span> 
     </span>
     <span class='ocr_line' id='line_1_18' title="bbox 461 2155 1069 2229; baseline 0 -15"><span class='ocrx_word' id='word_1_73' title='bbox 461 2155 622 2215; x_wconf 80' lang='lat' dir='ltr'><strong>Caeculus</strong></span> <span class='ocrx_word' id='word_1_74' title='bbox 646 2155 739 2229; x_wconf 86' lang='lat' dir='ltr'><strong>datur,</strong></span> <span class='ocrx_word' id='word_1_75' title='bbox 763 2156 929 2215; x_wconf 84' lang='lat' dir='ltr'><strong>claudicans</strong></span> <span class='ocrx_word' id='word_1_76' title='bbox 952 2161 1069 2215; x_wconf 85' lang='lat' dir='ltr'><strong>curatur</strong></span> 
     </span>
    </p>

    <p class='ocr_par' dir='ltr' id='par_1_9' title="bbox 501 2238 719 2313">
     <span class='ocr_line' id='line_1_19' title="bbox 501 2238 719 2313; baseline 0.005 -13"><span class='ocrx_word' id='word_1_77' title='bbox 501 2242 586 2300; x_wconf 89' lang='lat' dir='ltr'><strong>Peste</strong></span> <span class='ocrx_word' id='word_1_78' title='bbox 611 2238 719 2313; x_wconf 82' lang='lat' dir='ltr'><strong>fugata.</strong></span> 
     </span>
    </p>
   </div>
   <div class='ocr_carea' id='block_1_8' title="bbox 407 2394 981 2470">
    <p class='ocr_par' dir='ltr' id='par_1_10' title="bbox 407 2394 981 2470">
     <span class='ocr_line' id='line_1_20' title="bbox 407 2394 981 2470; baseline -0.005 -14"><span class='ocrx_word' id='word_1_79' title='bbox 407 2398 437 2458; x_wconf 82' lang='lat'><strong>5.</strong></span> <span class='ocrx_word' id='word_1_80' title='bbox 459 2395 654 2454; x_wconf 85' lang='lat' dir='ltr'><strong>Ecclesiamm</strong></span> <span class='ocrx_word' id='word_1_81' title='bbox 677 2394 780 2453; x_wconf 85' lang='lat' dir='ltr'><strong>Tomos</strong></span> <span class='ocrx_word' id='word_1_82' title='bbox 796 2395 844 2467; x_wconf 87' lang='lat' dir='ltr'><strong>jus</strong></span> <span class='ocrx_word' id='word_1_83' title='bbox 866 2394 981 2470; x_wconf 89' lang='lat' dir='ltr'><strong>tuendo,</strong></span> 
     </span>
    </p>
   </div>
   <div class='ocr_carea' id='block_1_9' title="bbox 460 2477 1075 2711">
    <p class='ocr_par' dir='ltr' id='par_1_11' title="bbox 460 2477 1075 2711">
     <span class='ocr_line' id='line_1_21' title="bbox 460 2477 1075 2555; baseline 0.002 -16"><span class='ocrx_word' id='word_1_84' title='bbox 460 2481 617 2553; x_wconf 85' lang='lat' dir='ltr'><strong>Tamquam</strong></span> <span class='ocrx_word' id='word_1_85' title='bbox 639 2477 766 2538; x_wconf 79' lang='lat' dir='ltr'><strong>ferarum</strong></span> <span class='ocrx_word' id='word_1_86' title='bbox 787 2479 846 2538; x_wconf 87' lang='lat' dir='ltr'><strong>irus</strong></span> <span class='ocrx_word' id='word_1_87' title='bbox 867 2478 1075 2555; x_wconf 81' lang='lat' dir='ltr'><strong>confringendo</strong></span> 
     </span>
     <span class='ocr_line' id='line_1_22' title="bbox 460 2563 1060 2638; baseline -0.002 -13"><span class='ocrx_word' id='word_1_88' title='bbox 460 2566 580 2625; x_wconf 82' lang='lat' dir='ltr'><strong>Hostem</strong></span> <span class='ocrx_word' id='word_1_89' title='bbox 602 2563 756 2638; x_wconf 80' lang='lat' dir='ltr'><strong>profanum</strong></span> <span class='ocrx_word' id='word_1_90' title='bbox 777 2565 855 2638; x_wconf 87' lang='lat' dir='ltr'><strong>vicit,</strong></span> <span class='ocrx_word' id='word_1_91' title='bbox 878 2566 1060 2626; x_wconf 88' lang='lat' dir='ltr'><strong>inhumanum</strong></span> 
     </span>
     <span class='ocr_line' id='line_1_23' title="bbox 503 2650 762 2711; baseline 0.008 -2"><span class='ocrx_word' id='word_1_92' title='bbox 503 2650 565 2709; x_wconf 91' lang='lat' dir='ltr'><strong>Sibi</strong></span> <span class='ocrx_word' id='word_1_93' title='bbox 587 2657 616 2709; x_wconf 88' lang='lat' dir='ltr'><strong>et</strong></span> <span class='ocrx_word' id='word_1_94' title='bbox 638 2666 762 2711; x_wconf 79' lang='lat' dir='ltr'><strong>saevnmu</strong></span> 
     </span>
    </p>
   </div>
   <div class='ocr_carea' id='block_1_10' title="bbox 408 2804 1078 3124">
    <p class='ocr_par' dir='ltr' id='par_1_12' title="bbox 408 2804 1078 3124">
     <span class='ocr_line' id='line_1_24' title="bbox 408 2804 984 2882; baseline -0.007 -15"><span class='ocrx_word' id='word_1_95' title='bbox 408 2810 436 2867; x_wconf 85' lang='grc'><strong>6.</strong></span> <span class='ocrx_word' id='word_1_96' title='bbox 460 2804 539 2878; x_wconf 77' lang='lat' dir='ltr'><strong>Ergo</strong></span> <span class='ocrx_word' id='word_1_97' title='bbox 561 2804 686 2863; x_wconf 90' lang='lat' dir='ltr'><strong>laetetur</strong></span> <span class='ocrx_word' id='word_1_98' title='bbox 706 2809 767 2862; x_wconf 89' lang='lat' dir='ltr'><strong>tota</strong></span> <span class='ocrx_word' id='word_1_99' title='bbox 789 2819 858 2876; x_wconf 81' lang='lat' dir='ltr'><strong>gens</strong></span> <span class='ocrx_word' id='word_1_100' title='bbox 881 2804 984 2882; x_wconf 89' lang='lat' dir='ltr'><strong>tidelis,</strong></span> 
     </span>
     <span class='ocr_line' id='line_1_25' title="bbox 461 2889 987 2963; baseline -0.006 -12"><span class='ocrx_word' id='word_1_101' title='bbox 461 2889 651 2951; x_wconf 87' lang='lat' dir='ltr'><strong>Contiuuetur</strong></span> <span class='ocrx_word' id='word_1_102' title='bbox 673 2889 815 2948; x_wconf 84' lang='lat' dir='ltr'><strong>canticum</strong></span> <span class='ocrx_word' id='word_1_103' title='bbox 837 2890 866 2948; x_wconf 93' lang='lat' dir='ltr'><strong>in</strong></span> <span class='ocrx_word' id='word_1_104' title='bbox 890 2891 987 2963; x_wconf 90' lang='lat' dir='ltr'><strong>oaelis,</strong></span> 
     </span>
     <span class='ocr_line' id='line_1_26' title="bbox 462 2971 1078 3050; baseline 0.002 -16"><span class='ocrx_word' id='word_1_105' title='bbox 462 2975 506 3034; x_wconf 88' lang='lat' dir='ltr'><strong>Sit</strong></span> <span class='ocrx_word' id='word_1_106' title='bbox 529 2975 631 3033; x_wconf 88' lang='lat' dir='ltr'><strong>choms</strong></span> <span class='ocrx_word' id='word_1_107' title='bbox 653 2971 708 3034; x_wconf 90' lang='lat' dir='ltr'><strong>iste</strong></span> <span class='ocrx_word' id='word_1_108' title='bbox 730 2975 847 3048; x_wconf 85' lang='lat' dir='ltr'><strong>placens</strong></span> <span class='ocrx_word' id='word_1_109' title='bbox 870 2976 932 3050; x_wconf 92' lang='lat' dir='ltr'><strong>tibi,</strong></span> <span class='ocrx_word' id='word_1_110' title='bbox 956 2977 1078 3050; x_wconf 86' lang='lat' dir='ltr'><strong>Christe,</strong></span> 
     </span>
     <span class='ocr_line' id='line_1_27' title="bbox 503 3060 793 3124; baseline 0.01 -3"><span class='ocrx_word' id='word_1_111' title='bbox 503 3061 560 3122; x_wconf 85' lang='lat' dir='ltr'><strong>Hie</strong></span> <span class='ocrx_word' id='word_1_112' title='bbox 582 3066 612 3119; x_wconf 94' lang='lat' dir='ltr'><strong>et</strong></span> <span class='ocrx_word' id='word_1_113' title='bbox 631 3060 660 3118; x_wconf 90' lang='lat' dir='ltr'><strong>iu</strong></span> <span class='ocrx_word' id='word_1_114' title='bbox 682 3075 793 3124; x_wconf 74' lang='lat' dir='ltr'><strong>aevum</strong></span> 
     </span>
    </p>
   </div>
   <div class='ocr_carea' id='block_1_11' title="bbox 411 3211 1120 3534">
    <p class='ocr_par' dir='ltr' id='par_1_13' title="bbox 411 3211 1120 3534">
     <span class='ocr_line' id='line_1_28' title="bbox 411 3211 953 3286; baseline -0.002 -11"><span class='ocrx_word' id='word_1_115' title='bbox 411 3217 437 3276; x_wconf 83' lang='grc'><strong>7.</strong></span> <span class='ocrx_word' id='word_1_116' title='bbox 461 3214 537 3275; x_wconf 84' lang='lat' dir='ltr'><strong>Socii</strong></span> <span class='ocrx_word' id='word_1_117' title='bbox 561 3214 630 3286; x_wconf 88' lang='lat' dir='ltr'><strong>ouri,</strong></span> <span class='ocrx_word' id='word_1_118' title='bbox 654 3211 757 3272; x_wconf 87' lang='lat' dir='ltr'><strong>festum</strong></span> <span class='ocrx_word' id='word_1_119' title='bbox 779 3213 953 3274; x_wconf 85' lang='lat' dir='ltr'><strong>celebremus</strong></span> 
     </span>
     <span class='ocr_line' id='line_1_29' title="bbox 462 3299 1120 3376; baseline -0.003 -15"><span class='ocrx_word' id='word_1_120' title='bbox 462 3301 588 3361; x_wconf 87' lang='lat' dir='ltr'><strong>Thomae</strong></span> <span class='ocrx_word' id='word_1_121' title='bbox 610 3299 753 3373; x_wconf 84' lang='lat' dir='ltr'><strong>praeclari</strong></span> <span class='ocrx_word' id='word_1_122' title='bbox 775 3305 861 3373; x_wconf 87' lang='lat' dir='ltr'><strong>atque</strong></span> <span class='ocrx_word' id='word_1_123' title='bbox 884 3301 959 3360; x_wconf 92' lang='lat' dir='ltr'><strong>huno</strong></span> <span class='ocrx_word' id='word_1_124' title='bbox 981 3318 1120 3376; x_wconf 71' lang='lat' dir='ltr'><strong>muamus,</strong></span> 
     </span>
     <span class='ocr_line' id='line_1_30' title="bbox 462 3385 935 3449; baseline -0.008 0"><span class='ocrx_word' id='word_1_125' title='bbox 462 3388 505 3449; x_wconf 93' lang='lat' dir='ltr'><strong>Ut</strong></span> <span class='ocrx_word' id='word_1_126' title='bbox 525 3386 659 3444; x_wconf 88' lang='lat' dir='ltr'><strong>universa</strong></span> <span class='ocrx_word' id='word_1_127' title='bbox 680 3385 791 3445; x_wconf 84' lang='lat' dir='ltr'><strong>animae</strong></span> <span class='ocrx_word' id='word_1_128' title='bbox 810 3385 935 3447; x_wconf 87' lang='lat' dir='ltr'><strong>advorsa</strong></span> 
     </span>
     <span class='ocr_line' id='line_1_31' title="bbox 505 3471 803 3534; baseline 0.013 -4"><span class='ocrx_word' id='word_1_129' title='bbox 505 3473 627 3530; x_wconf 89' lang='lat' dir='ltr'><strong>Prorsus</strong></span> <span class='ocrx_word' id='word_1_130' title='bbox 649 3471 803 3534; x_wconf 81' lang='lat' dir='ltr'><strong>vincamus.</strong></span> 
     </span>
    </p>
   </div>
   <div class='ocr_carea' id='block_1_12' title="bbox 410 3625 1058 3941">
    <p class='ocr_par' dir='ltr' id='par_1_14' title="bbox 410 3625 1058 3857">
     <span class='ocr_line' id='line_1_32' title="bbox 410 3625 1007 3702; baseline -0.003 -15"><span class='ocrx_word' id='word_1_131' title='bbox 410 3629 440 3687; x_wconf 88' lang='lat'><strong>8.</strong></span> <span class='ocrx_word' id='word_1_132' title='bbox 461 3625 670 3684; x_wconf 67' lang='lat' dir='ltr'><strong>altitonantem</strong></span> <span class='ocrx_word' id='word_1_133' title='bbox 692 3630 804 3696; x_wconf 87' lang='lat' dir='ltr'><strong>patrem</strong></span> <span class='ocrx_word' id='word_1_134' title='bbox 827 3626 1007 3702; x_wconf 84' lang='lat' dir='ltr'><strong>honoramus,</strong></span> 
     </span>
     <span class='ocr_line' id='line_1_33' title="bbox 463 3708 1041 3785; baseline 0.003 -16"><span class='ocrx_word' id='word_1_135' title='bbox 463 3711 523 3769; x_wconf 88' lang='lat' dir='ltr'><strong>Nos</strong></span> <span class='ocrx_word' id='word_1_136' title='bbox 545 3708 749 3782; x_wconf 81' lang='lat' dir='ltr'><strong>gubernantem</strong></span> <span class='ocrx_word' id='word_1_137' title='bbox 771 3709 861 3769; x_wconf 89' lang='lat' dir='ltr'><strong>tilium</strong></span> <span class='ocrx_word' id='word_1_138' title='bbox 883 3711 1041 3785; x_wconf 87' lang='lat' dir='ltr'><strong>laudemus,</strong></span> 
     </span>
     <span class='ocr_line' id='line_1_34' title="bbox 463 3795 1058 3857; baseline 0.003 -2"><span class='ocrx_word' id='word_1_139' title='bbox 463 3797 553 3855; x_wconf 79' lang='lat' dir='ltr'><strong>Amor</strong></span> <span class='ocrx_word' id='word_1_140' title='bbox 575 3795 722 3854; x_wconf 89' lang='lat' dir='ltr'><strong>ambomm</strong></span> <span class='ocrx_word' id='word_1_141' title='bbox 745 3796 873 3855; x_wconf 88' lang='lat' dir='ltr'><strong>cordium</strong></span> <span class='ocrx_word' id='word_1_142' title='bbox 896 3802 1058 3857; x_wconf 88' lang='lat' dir='ltr'><strong>nostrorum</strong></span> 
     </span>
    </p>

    <p class='ocr_par' dir='ltr' id='par_1_15' title="bbox 505 3881 816 3941">
     <span class='ocr_line' id='line_1_35' title="bbox 505 3881 816 3941; baseline -0.003 -1"><span class='ocrx_word' id='word_1_143' title='bbox 505 3881 638 3941; x_wconf 83' lang='lat' dir='ltr'><strong>Claustm</strong></span> <span class='ocrx_word' id='word_1_144' title='bbox 658 3886 816 3941; x_wconf 89' lang='lat' dir='ltr'><strong>conservet.</strong></span> 
     </span>
    </p>
   </div>
   <div class='ocr_carea' id='block_1_13' title="bbox 162 4048 1343 4378">
    <p class='ocr_par' dir='ltr' id='par_1_16' title="bbox 162 4048 1343 4378">
     <span class='ocr_line' id='line_1_36' title="bbox 233 4048 1342 4121; baseline 0.001 -20"><span class='ocrx_word' id='word_1_145' title='bbox 233 4051 340 4118; x_wconf 72' lang='lat' dir='ltr'><strong>antiph.</strong></span> <span class='ocrx_word' id='word_1_146' title='bbox 359 4068 407 4101; x_wconf 88' lang='lat' dir='ltr'><strong>ms.</strong></span> <span class='ocrx_word' id='word_1_147' title='bbox 425 4068 493 4103; x_wconf 83' lang='lat' dir='ltr'><strong>auec.</strong></span> <span class='ocrx_word' id='word_1_148' title='bbox 514 4048 553 4102; x_wconf 76' lang='lat'><strong>13.</strong></span> <span class='ocrx_word' id='word_1_149' title='bbox 566 4052 629 4103; x_wconf 76' lang='lat' dir='ltr'><strong>Cocl.</strong></span> <span class='ocrx_word' id='word_1_150' title='bbox 644 4052 728 4117; x_wconf 87' lang='lat' dir='ltr'><strong>Capit.</strong></span> <span class='ocrx_word' id='word_1_151' title='bbox 742 4054 834 4103; x_wconf 79' lang='lat' dir='ltr'><strong>Osoen.</strong></span> <span class='ocrx_word' id='word_1_152' title='bbox 853 4069 874 4103; x_wconf 92' lang='lat' dir='ltr'><strong>s.</strong></span> <span class='ocrx_word' id='word_1_153' title='bbox 894 4070 918 4102; x_wconf 91' lang='lat' dir='ltr'><strong>n.</strong></span> <span class='ocrx_word' id='word_1_154' title='bbox 938 4052 968 4103; x_wconf 83' lang='lat' dir='ltr'><strong>A.</strong></span> <span class='ocrx_word' id='word_1_155' title='bbox 988 4081 1018 4088; x_wconf 89' lang='lat'><em>-</em></span> <span class='ocrx_word' id='word_1_156' title='bbox 1033 4056 1109 4105; x_wconf 84' lang='lat' dir='ltr'><strong>Brev.</strong></span> <span class='ocrx_word' id='word_1_157' title='bbox 1123 4054 1267 4121; x_wconf 79' lang='lat' dir='ltr'><strong>Sigencnse</strong></span> <span class='ocrx_word' id='word_1_158' title='bbox 1281 4057 1342 4120; x_wconf 87' lang='lat' dir='ltr'><strong>imp.</strong></span> 
     </span>
     <span class='ocr_line' id='line_1_37' title="bbox 164 4118 1342 4188; baseline 0.002 -17"><span class='ocrx_word' id='word_1_159' title='bbox 164 4122 279 4171; x_wconf 70' lang='lat' dir='ltr'><strong>Canama</strong></span> <span class='ocrx_word' id='word_1_160' title='bbox 324 4126 391 4171; x_wconf 87' lang='lat' dir='ltr'><strong>rstao</strong></span> <span class='ocrx_word' id='word_1_161' title='bbox 418 4118 491 4171; x_wconf 76' lang='lat'><strong>1547.</strong></span> <span class='ocrx_word' id='word_1_162' title='bbox 516 4123 545 4170; x_wconf 86' lang='lat' dir='ltr'><strong>B.</strong></span> <span class='ocrx_word' id='word_1_163' title='bbox 573 4150 600 4156; x_wconf 93' lang='lat'><strong>--</strong></span> <span class='ocrx_word' id='word_1_164' title='bbox 627 4123 700 4171; x_wconf 81' lang='lat' dir='ltr'><strong>llrnv.</strong></span> <span class='ocrx_word' id='word_1_165' title='bbox 726 4121 955 4187; x_wconf 72' lang='lat' dir='ltr'><strong>calagurritarum</strong></span> <span class='ocrx_word' id='word_1_166' title='bbox 980 4128 1006 4172; x_wconf 89' lang='lat' dir='ltr'><strong>et</strong></span> <span class='ocrx_word' id='word_1_167' title='bbox 1024 4122 1188 4175; x_wconf 85' lang='lat' dir='ltr'><strong>Calciatonso</strong></span> <span class='ocrx_word' id='word_1_168' title='bbox 1210 4127 1271 4188; x_wconf 86' lang='lat' dir='ltr'><strong>imp.</strong></span> <span class='ocrx_word' id='word_1_169' title='bbox 1291 4126 1342 4174; x_wconf 89' lang='lat' dir='ltr'><strong>Lu-</strong></span> 
     </span>
     <span class='ocr_line' id='line_1_38' title="bbox 163 4187 1342 4255; baseline 0.001 -14"><span class='ocrx_word' id='word_1_170' title='bbox 163 4192 248 4241; x_wconf 87' lang='lat' dir='ltr'><strong>eronii</strong></span> <span class='ocrx_word' id='word_1_171' title='bbox 269 4189 281 4239; x_wconf 94' lang='lat' dir='ltr'><strong>l</strong></span> <span class='ocrx_word' id='word_1_172' title='bbox 318 4190 341 4238; x_wconf 83' lang='lat'><strong>¹.</strong></span> <span class='ocrx_word' id='word_1_173' title='bbox 360 4192 388 4241; x_wconf 86' lang='lat' dir='ltr'><strong>C.</strong></span> <span class='ocrx_word' id='word_1_174' title='bbox 412 4216 446 4226; x_wconf 95' lang='lat'>-</span> <span class='ocrx_word' id='word_1_175' title='bbox 465 4187 489 4249; x_wconf 86' lang='lat'><strong>2,</strong></span> <span class='ocrx_word' id='word_1_176' title='bbox 510 4187 522 4239; x_wconf 93' lang='lat' dir='ltr'><strong>l</strong></span> <span class='ocrx_word' id='word_1_177' title='bbox 542 4190 586 4239; x_wconf 85' lang='lat' dir='ltr'><strong>Sic</strong></span> <span class='ocrx_word' id='word_1_178' title='bbox 604 4191 726 4254; x_wconf 76' lang='lat' dir='ltr'><strong>agonista</strong></span> <span class='ocrx_word' id='word_1_179' title='bbox 745 4191 773 4239; x_wconf 87' lang='lat' dir='ltr'><strong>B.</strong></span> <span class='ocrx_word' id='word_1_180' title='bbox 791 4216 825 4224; x_wconf 95' lang='lat'>-</span> <span class='ocrx_word' id='word_1_181' title='bbox 843 4188 867 4248; x_wconf 81' lang='lat'><strong>4.</strong></span> <span class='ocrx_word' id='word_1_182' title='bbox 889 4188 901 4240; x_wconf 96' lang='lat' dir='ltr'><strong>l</strong></span> <span class='ocrx_word' id='word_1_183' title='bbox 920 4192 1008 4255; x_wconf 82' lang='lat' dir='ltr'><strong>Aegra</strong></span> <span class='ocrx_word' id='word_1_184' title='bbox 1025 4198 1119 4243; x_wconf 82' lang='lat' dir='ltr'><strong>sanata</strong></span> <span class='ocrx_word' id='word_1_185' title='bbox 1138 4196 1166 4251; x_wconf 78' lang='lat' dir='ltr'><strong>li,</strong></span> <span class='ocrx_word' id='word_1_186' title='bbox 1185 4198 1292 4242; x_wconf 86' lang='lat' dir='ltr'><strong>sanatos</strong></span> <span class='ocrx_word' id='word_1_187' title='bbox 1310 4192 1342 4242; x_wconf 76' lang='lat' dir='ltr'><strong>A.</strong></span> 
     </span>
     <span class='ocr_line' id='line_1_39' title="bbox 162 4255 1343 4378; baseline 0.003 -71"><span class='ocrx_word' id='word_1_188' title='bbox 162 4256 282 4378; x_wconf 37' lang='lat' dir='ltr'><strong>f-hloff</strong></span> <span class='ocrx_word' id='word_1_189' title='bbox 308 4259 424 4310; x_wconf 86' lang='lat' dir='ltr'><strong>Thomas</strong></span> <span class='ocrx_word' id='word_1_190' title='bbox 447 4259 500 4308; x_wconf 88' lang='lat' dir='ltr'><strong>nisi</strong></span> <span class='ocrx_word' id='word_1_191' title='bbox 522 4258 618 4309; x_wconf 87' lang='lat' dir='ltr'><strong>tuendo</strong></span> <span class='ocrx_word' id='word_1_192' title='bbox 641 4260 671 4307; x_wconf 84' lang='lat' dir='ltr'><strong>B.</strong></span> <span class='ocrx_word' id='word_1_193' title='bbox 698 4285 730 4293; x_wconf 94' lang='lat'>—</span> <span class='ocrx_word' id='word_1_194' title='bbox 757 4256 782 4319; x_wconf 83' lang='lat'><strong>5,</strong></span> <span class='ocrx_word' id='word_1_195' title='bbox 804 4255 821 4310; x_wconf 89' lang='grc'>3</span> <span class='ocrx_word' id='word_1_196' title='bbox 840 4261 950 4310; x_wconf 86' lang='lat' dir='ltr'><strong>Hostem</strong></span> <span class='ocrx_word' id='word_1_197' title='bbox 973 4261 1124 4326; x_wconf 81' lang='lat' dir='ltr'><strong>profanavit</strong></span> <span class='ocrx_word' id='word_1_198' title='bbox 1141 4263 1171 4311; x_wconf 90' lang='lat' dir='ltr'><strong>B.</strong></span> <span class='ocrx_word' id='word_1_199' title='bbox 1196 4291 1226 4298; x_wconf 92' lang='lat'>—</span> <span class='ocrx_word' id='word_1_200' title='bbox 1251 4262 1302 4313; x_wconf 86' lang='lat' dir='ltr'><strong>Str.</strong></span> <span class='ocrx_word' id='word_1_201' title='bbox 1326 4258 1343 4311; x_wconf 88' lang='grc'><strong>5</strong></span> 
     </span>
     <span class='ocr_line' id='line_1_40' title="bbox 173 4327 275 4377; baseline -0.01 0"><span class='ocrx_word' id='word_1_202' title='bbox 173 4344 188 4377; x_wconf 89' lang='lat' dir='ltr'><strong>e</strong></span> <span class='ocrx_word' id='word_1_203' title='bbox 217 4331 229 4376; x_wconf 91' lang='lat' dir='ltr'><strong>t</strong></span> <span class='ocrx_word' id='word_1_204' title='bbox 257 4327 275 4376; x_wconf 73' lang='lat'><strong>¹.</strong></span> 
     </span>
    </p>
   </div>
   <div class='ocr_carea' id='block_1_14' title="bbox 0 0 1464 4868">
    <p class='ocr_par' dir='ltr' id='par_1_17' title="bbox 0 0 1464 4868">
     <span class='ocr_line' id='line_1_41' title="bbox 0 0 1464 4868; baseline 0 10"><span class='ocrx_word' id='word_1_205' title='bbox 0 0 1464 4868; x_wconf 95' lang='lat' dir='ltr'><strong> </strong></span> 
     </span>
    </p>
   </div>
  </div>
 </body>
</html>
