2918 4868
644 274 849 337 ..32-

198 447 252 506 nd
276 447 404 505 Horas
425 446 678 520 Antiphonae.
787 450 815 508 2.
839 448 917 507 Rosa
939 447 1022 506 rubet
1044 449 1167 507 condida

349 565 390 615 nd
406 566 530 615 Primam.
883 532 1039 593 Vulnerata
1063 535 1193 609 caritate,

840 618 1016 679 Pracdilecti
1036 619 1172 694 languida

228 670 382 729 Paradisus
404 671 560 744 voluptatis
881 706 997 764 Amoris
1019 705 1170 767 suavitate,

268 756 321 814 Est
342 762 443 814 venter
463 757 617 829 virgineus,

228 840 285 900 Ubi
307 839 416 899 fructus
438 841 596 901 honestatis

267 927 305 986 Et
327 924 380 985 flos
402 926 494 999 spirat
516 942 624 990 roseas,

786 880 815 939 3.
837 876 951 935 Dilecto
974 875 1168 948 superimmissa,

882 961 1000 1019 Deliciis
1019 959 1148 1035 affluens,

358 1062 398 1112 Ad
416 1063 531 1113 Sextum.
840 1047 961 1107 Florens
982 1063 1048 1106 rosa
1070 1053 1114 1105 est
1135 1049 1228 1125 enixa,

226 1150 306 1207 lmus
328 1149 426 1222 spinas
449 1149 539 1207 lilium
882 1133 996 1192 Florem
1019 1132 1126 1193 mundo
1147 1132 1280 1197 retinens.

269 1234 380 1294 Crescit
401 1252 463 1293 cum
487 1235 600 1308 decore,

224 1320 306 1379 Parit
328 1321 408 1393 virgo
430 1320 518 1378 liliam
785 1308 814 1365 4.
838 1305 929 1363 Taum
951 1320 1002 1376 per
1025 1304 1201 1385 psalterium,

266 1405 385 1464 Servate
409 1406 528 1480 pudore.
881 1393 942 1463 Quo
964 1395 992 1447 le
1015 1406 1193 1463 veneramur,

838 1478 952 1537 Justum
975 1474 1148 1535 desidorium

356 1541 397 1591 hd
414 1543 526 1592 ΝΟΜ·
880 1563 937 1621 Per
956 1566 984 1618 tc
1006 1577 1221 1635 consequamur.

227 1629 346 1687 Terram
369 1633 495 1688 nostram
517 1629 638 1687 coelitus

270 1715 329 1772 Ros
351 1713 512 1791 inebriavit,

225 1800 294 1858 Cum
317 1798 414 1858 llorem
438 1799 575 1859 divinitus

268 1884 412 1946 Christum
435 1883 614 1959 germinarit.

946 1764 986 1814 nd
1004 1764 1167 1830 hlagniflcat

774 1923 810 1980 A.
835 1922 858 1979 0
880 1922 1018 1994 splendor
1040 1920 1196 1995 humilium,

287 2041 328 2098 In
352 2043 380 2100 2·
406 2038 594 2111 vesperis·
859 2007 973 2109 μ8ῐκτ11ιι
994 2007 1142 2104 inclutina,

843 2092 990 2164 lurgmalc
1012 2092 1113 2165 hlium,

354 2157 530 2223 nnuphonaa
882 2178 959 2236 Rosa
982 2178 1044 2235 sinc
1067 2178 1160 2250 spina,

172 2263 201 2320 1.
224 2262 356 2336 Laetare,
377 2268 469 2322 mater
490 2262 599 2334 inclita,
837 2264 916 2336 Quae
937 2263 998 2321 sola
1021 2269 1086 2336 post
1109 2261 1197 2321 hlium

265 2347 361 2407 Fidoli
385 2353 518 2406 constans
539 2349 656 2420 populo,
881 2348 985 2408 Scrvas
1007 2365 1024 2406 a
1046 2347 1137 2415 mina.

223 2433 297 2492 Nam
321 2432 395 2492 testa
418 2433 525 2492 dudum
547 2433 687 2506 praestita
837 2434 907 2492 Cum
930 2449 1016 2507 grege
1037 2432 1164 2492 fidelium

265 2518 346 2579 Novo
368 2525 468 2592 patent
489 2519 634 2581 miraculo.
880 2520 913 2577 ln
935 2518 1059 2591 patriam
1082 2521 1168 2578 mina.

159 2724 164 2735 .
229 2653 302 2704 Ollio.
322 2670 368 2735 ms.
387 2670 455 2704 saec.
476 2652 515 2706 16.
533 2655 597 2706 Cod.
616 2656 714 2736 Semiu.
733 2655 881 2743 Geruuden.
900 2653 976 2737 ίζ309.
989 2654 1020 2705 ll.
1040 2655 1337 2737 —·Brev.·Dertoseuse

156 2738 212 2840 ll
214 2722 350 2841 nlltll
353 2719 455 2856 ’ψὲζῖἷῐ
473 2723 705 2843 {ttntflltll
712 2724 793 2843 lh?
800 2723 1123 2857 itlllttltltlttss·
1136 2723 1168 2841 13¹
1171 2724 1337 2857 ‘titul

157 2859 203 2908 (les
222 2863 324 2924 ternpus
342 2858 465 2924 paschale
484 2876 534 2909 nur
551 2861 610 2911 eine
623 2861 753 2919 anrturm
771 2862 836 2911 aher
853 2863 901 2910 rnit
918 2858 935 2909 3
948 2861 1124 2926 Antiphonem.
1154 2862 1214 2911 wir
1232 2863 1336 2911 rnhsaen

159 2927 215 2976 also
235 2928 270 2976 im
289 2928 370 2977 lento
389 2928 409 2977 el
429 2928 525 2993 sulgon,
544 2929 660 2980 obschon
679 2929 726 2980 das
739 2930 860 2981 Officium
879 2930 1062 2996 umprhnglich
1082 2928 1156 2979 nicht
1173 2930 1335 2980 monastiach

156 3010 277 3059 gewosen
295 3012 328 3045 au
347 2998 403 3047 solu
423 2997 532 3047 scheint
551 3023 582 3033 -
602 2999 634 3048 In
654 2996 676 3048 l.
694 3000 773 3063 Vasp.
792 2999 839 3048 hat
856 2999 877 3047 B
896 2997 1017 3063 fulgenda
1036 2998 1096 3048 mnf
1110 2994 1165 3049 ΑΑε

466 3132 488 3187 l.
507 3136 608 3186 Summi
628 3139 698 3202 regis
718 3136 838 3203 fragrans
856 3136 979 3186 accubitu

506 3204 611 3254 Narduu
629 3209 677 3255 tua
693 3210 747 3256 tam
765 3205 903 3265 odorisera,

507 3275 545 3326 Ut
562 3279 686 3339 pascatur
703 3276 731 3324 iu
749 3275 842 3323 florum
861 3275 969 3334 ambitu,

506 3343 597 3407 Ipsum
618 3344 698 3394 traxit
715 3343 749 3393 ad
766 3348 813 3392 tua
830 3344 940 3393 viscora

463 3478 487 3530 2.
506 3481 529 3529 0
547 3496 626 3546 quam
643 3485 720 3546 grata
738 3482 794 3532 Deo
811 3483 954 3547 virginitas

511 3551 634 3599 Fructum
652 3550 737 3601 serens
756 3551 835 3601 simul
853 3567 912 3601 cum
929 3551 1046 3612 floribus,

506 3619 558 3668 Per
575 3634 654 3681 quam
672 3624 764 3684 partus
787 3624 867 3684 atqua
885 3621 1022 3685 integritas

505 3686 657 3738 Convenere
675 3687 818 3739 concordes
837 3689 961 3739 moribus.

460 3819 486 3874 3.
505 3825 576 3874 Rosa
592 3824 696 3885 florens,
714 3825 777 3875 nive
794 3825 939 3887 candidior,

505 3893 612 3943 Rabona
630 3894 715 3958 magis
733 3909 822 3944 amore
839 3892 895 3955 fllii,

504 3960 591 4024 Hujus
608 3977 704 4027 parens
720 3962 802 4013 coelis
821 3963 965 4029 fecundior,

503 4029 616 4080 Suavior
633 4030 714 4082 odore
733 4031 793 4081 lilii.

460 4164 486 4216 4.
504 4166 553 4216 Ibo
571 4181 620 4232 ego
638 4167 672 4217 ad
690 4172 804 4219 mentam
822 4167 917 4219 Libani

502 4235 538 4285 Et
556 4235 589 4285 ad
606 4236 701 4287 collem
719 4237 840 4301 myrrhae
857 4237 1019 4293 thuriferam.

507 4304 680 4365 cinnamomi,
699 4306 811 4367 horaria,
829 4305 945 4371 galbani,

507 4374 624 4424 Mortem
642 4375 774 4441 pinguem,
792 4379 906 4425 montem
924 4375 1059 4431 deiferum.
