2918 4868
660 251 868 316 -.pg-

186 420 214 478 3.
239 420 301 478 Rex
325 421 444 480 devotus
467 423 627 497 Augustino

277 506 492 566 Praetermissis
515 509 646 569 omnibus

233 591 326 650 Cursu
348 592 427 651 venit
447 598 515 652 tnnc
537 591 641 655 festino

276 676 392 735 Cunctis
413 678 632 761 admirantibus,

232 761 273 822 Ut
295 762 416 838 videret,
439 764 516 838 qued
538 767 666 842 optabat,

275 847 443 908 Lacrimans
465 865 536 922 prae
557 854 677 932 gaudio,

168 932 204 991 V.
232 934 411 1005 Properabat
432 935 474 993 sic
497 935 617 996 devotus

233 1019 310 1078 Pura
330 1019 433 1092 plenus
455 1028 549 1080 mente
572 1029 657 1097 totus,

229 1105 256 1164 A
279 1105 406 1177 peccatis
428 1106 501 1166 bene
522 1107 607 1169 lutus.

282 1343 326 1402 ln
350 1348 379 1407 3.
402 1344 609 1411 Nocturna.

358 1479 534 1546 Antiphonae.

180 1599 206 1657 1.
230 1601 391 1673 Augustino
412 1601 554 1663 Patricius

230 1686 317 1745 Pater
339 1683 402 1763 tuit,
425 1688 477 1748 sed
499 1689 605 1751 inscius

270 1769 356 1830 Fidei
378 1773 544 1838 catholicae.

175 1907 204 1965 2.
226 1908 315 1980 Quam
339 1908 452 1970 colebat
473 1913 652 1974 sanctissima

224 1991 309 2051 Meus
329 1999 416 2068 atque
438 1995 602 2059 beatissima

266 2077 339 2151 Ejus
360 2081 461 2141 matris
482 2083 625 2148 Meuicae.
652 2156 656 2159 .

172 2215 200 2273 3.
224 2215 413 2289 Augustinum
434 2217 505 2278 baec
527 2220 692 2298 plangebat,

224 2298 325 2360 Sectae
347 2320 469 2378 namque
487 2305 664 2367 adhaerebat

267 2385 423 2447 Pravurum
444 2390 615 2455 haereticae.

344 2559 529 2624 Respeusoria.

171 2677 198 2736 1.
222 2677 414 2752 Augustinum
438 2681 582 2757 honorari,

223 2764 298 2822 Vota
317 2763 393 2837 regis
414 2771 602 2843 augmentari,

221 2847 286 2906 Noa
309 2849 459 2910 credentes
482 2853 620 2915 concitari

220 2933 260 2993 Et
281 2933 310 2991 in
333 2932 390 2993 fide
413 2935 537 3011 rubuari,

221 3018 331 3079 Nomen
352 3036 433 3079 suum
456 3022 605 3085 sublimari

261 3105 324 3165 Rex
346 3111 480 3167 aeternus
502 3110 602 3184 veluit,

154 3191 189 3252 V.
213 3191 321 3251 Caecus
343 3192 441 3264 plures
463 3199 532 3254 tunc
553 3197 663 3273 videre,

216 3275 341 3336 Claudes
365 3294 479 3353 gressus
502 3287 570 3341 tnnc
591 3284 706 3345 babere.

164 3415 194 3473 2.
213 3413 363 3487 Templum
387 3414 456 3475 iecit
478 3435 529 3477 rex
553 3419 687 3482 devotum

261 3498 294 3557 ln
314 3501 406 3558 macti
425 3505 562 3565 memoria

214 3584 377 3658 Augustini,
400 3603 502 3646 nomen
523 3596 621 3650 netum

256 3670 372 3730 bbnctis
393 3677 426 3730 nt
447 3673 532 3733 ltalia

935 432 976 490 In
997 434 1206 497 Laudibus.

978 551 1155 618 Antipheuae.

799 653 826 713 1.
850 652 954 712 Sancte
974 657 1091 729 praesul
1112 662 1280 739 Angustiae,

892 740 979 800 Plebs
1002 742 1156 803 devotata
1177 756 1321 820 precatur,

849 824 984 884 Mortalis
1005 843 1059 900 per
1081 835 1110 887 te
1132 831 1231 890 ruinae

890 911 932 971 Ut
952 911 990 970 ab
1013 913 1095 972 haste
1118 915 1291 978 defendatur

848 999 892 1057 Aa
915 998 1031 1056 coelesti
1054 999 1116 1058 sine
1138 1000 1194 1060 fine

888 1082 972 1141 Dono
993 1084 1048 1143 Dei
1069 1083 1246 1158 perfruatur.

793 1187 820 1248 2.
843 1185 867 1244 0
889 1183 959 1244 felix
980 1187 1075 1259 Italia,

887 1272 966 1343 Quae
988 1271 1025 1330 de
1046 1289 1134 1348 regno
1156 1275 1308 1338 Sardiniae

845 1355 977 1430 Suscepit
998 1360 1148 1433 magnalia,

886 1442 995 1514 Quibus
1018 1442 1127 1504 ditatur
1149 1446 1244 1510 bedic.

791 1547 820 1606 3.
843 1544 997 1618 Augustini
1020 1548 1160 1620 praesulis

885 1630 1113 1691 Translatienem
1139 1635 1267 1710 colimus,

842 1715 967 1774 blundet
988 1734 1040 1776 nes
1061 1735 1080 1778 a
1102 1721 1231 1798 maculis,

805 1846 810 1853 .
886 1800 1088 1875 Supplicantes
1110 1805 1242 1878 petimus.

790 1907 819 1963 d.
841 1902 883 1961 Te
903 1904 996 1964 Deum
1019 1905 1228 1976 benedicimus,

885 1990 980 2049 Corde
1001 2008 1083 2070 pure,
1107 2009 1171 2053 cum
1194 1995 1313 2073 canticis

840 2074 928 2146 Quem
952 2076 1100 2137 doctarum
1124 2080 1306 2140 doctissimus

882 2160 1037 2221 Benedixit
1057 2165 1203 2238 angelicis.

789 2263 817 2321 5.
840 2261 905 2320 Hoc
925 2279 1008 2323 sacre
1029 2265 1167 2326 solemnio

882 2348 1036 2424 Augustini
1057 2352 1176 2412 coelitus

839 2433 932 2493 Deum
955 2452 1018 2495 cum
1041 2436 1170 2510 tripudio

880 2521 995 2580 Landet
1012 2522 1103 2581 omnis
1126 2524 1254 2597 spiritus.

939 2654 980 2706 Ad
998 2655 1163 2709 Benedictus.

772 2757 809 2816 Δ.
834 2760 858 2819 0
880 2760 929 2833 pia
951 2760 1103 2821 clementia

879 2844 996 2921 Christi,
1020 2864 1077 2920 qua
1095 2854 1174 2909 tantu
1197 2867 1315 2910 manere

834 2929 952 2989 Ditatnr
974 2932 1069 3005 ltalia,

877 3017 1031 3090 Augustini
1053 3017 1187 3093 funere,

833 3101 921 3179 Roga,
945 3106 1061 3175 praesul
1082 3105 1250 3181 Angustiae,

875 3187 957 3259 Quod
980 3205 1031 3248 nes
1044 3190 1083 3249 ad
1096 3207 1206 3252 summa
1217 3193 1333 3271 gaudia,

832 3271 871 3332 Ut
894 3273 1022 3333 vivamus
1045 3275 1107 3334 sine
1129 3275 1196 3350 fine,

873 3358 968 3417 Ducat
988 3360 1052 3434 ipsa
1074 3362 1234 3424 clementia.

892 3547 934 3606 lu
958 3549 986 3607 2.
1012 3547 1209 3623 vesperis.

937 3663 978 3714 Ad
995 3665 1157 3731 Magnificat

212 3755 298 3814 Esset
320 3757 409 3830 cajus,
432 3774 515 3832 quem
538 3775 589 3821 rex
612 3762 680 3824 feeit
763 3768 800 3827 A.
823 3766 988 3840 Requiescit
1007 3770 1080 3829 aede
1098 3772 1165 3843 jure

257 3840 340 3899 Ferri
364 3842 401 3902 de
422 3841 567 3919 Sardinia,

871 3853 990 3912 Praesul
1012 3857 1174 3928 apostolica

213 3924 431 4000 Nosperdneat,
441 3946 513 4002 qaae
521 3948 601 3992 mens
609 3938 708 4012 nescit,
826 3938 1014 4014 Augustinus,
1038 3942 1083 4000 cui
1105 3958 1191 4002 curae
1298 3988 1301 4000 .

254 4012 302 4070 Ad
324 4020 443 4072 aeterua
462 4017 577 4089 gaudia.

148 4096 183 4156 V.
211 4097 380 4175 Angustiae,
402 4114 485 4159 serve
507 4102 571 4176 Dei,

209 4182 282 4241 Esto
305 4199 408 4256 precor
429 4202 537 4246 memor
558 4191 623 4264 mei,

211 4268 267 4327 Pru
289 4284 335 4326 me
356 4286 426 4345 roga
447 4273 539 4332 Deum
561 4277 633 4349 spei,

211 4351 304 4414 Ducat
326 4371 372 4416 me
391 4357 524 4419 misenus
546 4361 610 4436 mei.

866 4021 934 4082 l'nit
954 4041 1006 4097 pru
1028 4028 1171 4089 catholica

702 4165 705 4168 ,
823 4107 897 4167 Fide
919 4111 1016 4170 verbis
1037 4111 1190 4174 obsecrare

866 4194 1069 4256 Perverserum
1090 4198 1221 4261 fallacias

824 4278 946 4352 Scriptis
969 4288 999 4340 et
1019 4282 1181 4345 adnihilare

866 4364 1083 4451 Haereticorum
1106 4371 1209 4434 vanus.
