2918 4868
615 225 849 290 -183-

503 395 551 456 11.
576 399 819 473 Recompansatns
842 401 945 479 animo,

577 485 659 555 Quod
682 484 792 544 fructus
811 487 889 559 justo
912 488 1023 545 calculo

579 569 640 628 Sibi
662 571 814 629 solvuntur
835 589 939 644 annuo,

576 656 733 714 Provectae
754 657 855 715 messis
879 658 991 715 cumulo

577 739 636 800 Dat
659 747 762 800 cuncta
783 742 836 800 sub
859 743 981 801 arbitrio

576 826 675 886 Fidcii
697 827 752 885 Dei
776 825 889 888 famulo.

211 962 275 1010 Vita
293 976 340 1010 ms.
359 961 385 1011 S.
399 961 494 1011 Isidori
513 967 582 1012 nuet.
594 961 717 1012 Jobanne.
731 964 851 1012 Diacono
870 979 937 1013 racc.
953 961 993 1014 13.
1013 964 1075 1013 Cod.
1088 965 1174 1029 Capit
1187 965 1321 1014 Matriteu.

144 1047 164 1078 s.
182 1045 208 1078 n.
226 1059 260 1065 —
280 1027 303 1089 2,
324 1028 340 1080 5
360 1047 397 1096 sq.
416 1030 478 1080 lies:
493 1031 669 1096 Prolongatur
687 1032 808 1081 cubiculo
827 1033 939 1096 virginis
958 1034 1026 1081 intra
1039 1035 1126 1082 atria?
1139 1060 1170 1069 -
1185 1031 1209 1095 5,
1227 1031 1321 1084 Stuln-

143 1103 219 1158 trum,
239 1098 363 1163 spanirch
380 1099 491 1149 urlndro.
509 1126 543 1134 -
563 1097 602 1160 10,
619 1097 637 1149 4
655 1103 700 1164 qui
719 1100 894 1163 sejunxerat
914 1127 945 1137 —
967 1099 1005 1161 10,
1024 1099 1040 1150 6
1058 1102 1103 1150 sed
1123 1103 1156 1151 ub
1169 1107 1276 1151 asserat.

451 1331 507 1390 316.
542 1332 581 1390 Da
599 1335 697 1391 sancto
713 1333 821 1391 Isidoro
839 1332 1006 1391 matritensi.

650 1470 770 1540 Hymnus
788 1470 813 1524 2.

150 1613 176 1674 l.
200 1613 268 1683 Quis
290 1613 365 1670 sicut
386 1618 484 1671 noster
503 1613 642 1671 Dominus
758 1616 787 1674 4.
811 1613 949 1672 Testatur
970 1613 1047 1672 idem
1069 1614 1155 1673 lectio

199 1698 311 1771 Pugiilo
332 1704 432 1757 tenens
454 1699 558 1771 omnia,
811 1699 886 1756 Vera
908 1699 990 1760 Pauli
1017 1701 1151 1777 apostoli,

198 1783 285 1855 Cunus
305 1784 403 1856 jacent
424 1783 478 1842 sub
500 1784 623 1857 pedibus
806 1784 887 1858 Quod
911 1785 1008 1844 divina
1030 1786 1132 1844 electio

197 1869 324 1941 Coetum,
347 1870 433 1928 tellus
455 1877 484 1928 et
506 1871 605 1943 maria,
809 1870 857 1930 Sic
882 1877 974 1931 mutat
995 1871 1093 1929 sedern
1115 1871 1230 1947 saeculi,

197 1955 287 2013 Immo
309 1955 335 2012 ei
357 1956 490 2028 superius
808 1957 963 2015 Zacharias
985 1957 1014 2014 in
1038 1958 1110 2016 solio

196 2039 263 2099 Sola
286 2041 401 2114 placent
423 2041 550 2105 humilia.
810 2041 918 2101 Scribit
939 2058 1058 2116 egenum
1080 2042 1187 2116 popuii.

142 2179 171 2237 2.
194 2179 256 2236 Rex
279 2194 400 2251 magnus
423 2184 452 2236 et
471 2179 637 2251 laudabilis,
757 2183 785 2239 5.
808 2178 872 2238 Jam
897 2180 1003 2237 nostris
1024 2184 1105 2252 patet
1127 2179 1226 2251 acutia,

194 2263 362 2323 Domiuator
384 2264 413 2321 in
437 2263 576 2337 omnibns,
807 2265 888 2335 Quod
916 2265 1014 2323 divina
1035 2265 1163 2337 dignatio

194 2349 257 2409 Rex
279 2355 391 2425 potens,
414 2349 566 2408 ineffabilis
807 2351 950 2421 Operatur
976 2350 1005 2407 in
1028 2350 1150 2408 saeculis

196 2435 340 2493 Virtutum
363 2437 392 2493 in
415 2435 559 2508 operibus,
807 2434 866 2494 Sub
892 2441 1005 2493 secreto
1023 2435 1144 2511 judicio,

193 2519 327 2580 Salvator
348 2521 528 2580 admirabilis
806 2520 978 2580 Declaratur
999 2521 1029 2579 in
1053 2521 1168 2594 populis

193 2605 409 2678 Redemptionis
431 2607 554 2664 milibus.
804 2605 882 2664 Justi
904 2607 989 2679 hujus
1012 2606 1129 2668 indicio.

141 2746 169 2803 3.
195 2742 296 2802 Plures
316 2761 370 2817 per
395 2746 493 2805 orbem
515 2745 616 2803 statuit
756 2746 785 2807 6.
808 2744 850 2802 Te
873 2745 956 2802 decct
978 2744 1077 2812 bonor,
1100 2742 1231 2820 Domine,

192 2830 285 2903 Reges
307 2836 403 2889 terme
424 2846 459 2890 ac
481 2831 636 2904 principes,
806 2830 859 2901 Qui
884 2829 937 2888 das
959 2829 1093 2888 honorem
1116 2829 1255 2902 parvulis,

191 2914 326 2974 Juatitiae
352 2932 423 2988 quos
445 2916 535 2976 voluit
804 2916 838 2973 In
861 2915 956 2975 vuitus
979 2916 1020 2972 tui
1042 2915 1149 2973 lumine

192 3001 296 3060 Omnes
320 3017 382 3059 esse
404 3002 571 3075 participes,
804 3003 880 3074 Quos
902 3001 984 3074 eligis
1007 3016 1042 3058 ex
1064 3000 1189 3074 populis,

192 3086 330 3144 Exultare
353 3104 408 3145 non
432 3088 527 3145 renuit
807 3086 858 3158 Qui
881 3101 912 3143 es
934 3091 1052 3145 aeterno
1074 3085 1189 3144 numine

192 3173 273 3230 Inter
294 3189 364 3245 quos
384 3173 463 3244 justo
484 3173 594 3245 inopes.
803 3173 899 3232 Judex
919 3173 1014 3243 justus
1033 3171 1062 3228 in
1085 3171 1220 3231 saeculis.

216 3307 280 3357 vita
301 3324 349 3357 ms.
375 3307 401 3355 S.
420 3308 516 3357 Isidori
540 3313 607 3358 auct
627 3307 750 3358 Jobannu
772 3308 892 3357 Diacouo
918 3322 985 3355 saec.
1006 3303 1046 3356 13.
1070 3305 1134 3356 Cod.
1153 3306 1239 3370 Capit.
1257 3306 1314 3357 Ma·

138 3378 225 3426 triten.
244 3394 264 3426 s.
283 3395 308 3426 n.

448 3612 502 3670 tir.
539 3613 577 3668 Da
595 3614 692 3669 sanctu
709 3609 816 3670 Isidoro
834 3607 1000 3668 ttatritcnsi
1086 3567 1089 3571 ἵ

644 3751 764 3821 Hymnus
782 3751 806 3806 3.

138 3896 165 3954 1.
188 3898 254 3956 Jam
276 3913 350 3970 pura
372 3893 504 3970 fragrant
522 3895 651 3954 balsama
750 3898 779 3954 2.
802 3894 904 3953 Manat
925 3892 998 3951 odor
1019 3905 1055 3948 cx
1077 3905 1208 3963 corpore,

189 3984 222 4042 ln
245 3982 311 4041 aula
334 3990 434 4041 sancta
456 3982 582 4054 Domini,
802 3979 883 4051 Quod
906 3993 959 4051 per
980 3992 1070 4036 annos
1093 3975 1208 4034 delituit

190 4069 244 4126 Dei
268 4070 373 4127 virtute
395 4068 525 4141 proxima
803 4065 904 4123 Plurcs
926 4068 1022 4123 terrae
1045 4060 1098 4119 sub
1121 4076 1225 4134 aggere

192 4155 283 4226 Digna
306 4154 422 4212 coelesti
445 4153 561 4227 agmini,
802 4149 864 4207 Noc
886 4158 980 4206 tamen
1003 4147 1072 4221 quid
1095 4146 1280 4217 computruit,

188 4240 299 4298 Tumba
317 4240 388 4312 justi
411 4239 583 4312 gratissima,
803 4234 887 4295 Unde
911 4234 960 4292 dat
982 4233 1055 4291 tides
1079 4233 1207 4302 credere,

188 4325 292 4386 Odoris
318 4324 404 4397 piena
427 4324 542 4398 genuini.
802 4319 885 4392 Quod
907 4320 1044 4377 sanctitas
1067 4334 1123 4376 non
1146 4314 1246 4373 detuit.
