2918 4868
641 250 848 315 „10-

244 425 326 504 Quid
357 428 461 490 autern
491 424 658 506 legendum
687 424 728 488 sit
753 424 784 488 in
815 424 947 488 ecclesia
967 424 1033 489 sive
1055 424 1088 488 in
1110 421 1273 488 refectorio
1295 421 1334 485 de

158 548 253 612 supra
282 528 404 610 scriptis
433 528 577 592 omnibus
607 545 644 592 ex
674 527 807 609 epistola
833 527 959 592 Domini
982 526 1135 592 calixti
1158 527 1249 590 divae
1272 543 1333 589 me·

158 633 294 707 moriae,
317 631 450 695 Romani
470 628 634 713 pontificis,
657 631 735 696 nulli
757 629 896 695 fidelium
919 631 1146 695 contemnenda
1166 631 1336 712 praebetur

159 735 346 809 auctoritas,
377 733 430 814 qui
454 738 486 798 et
506 734 700 815 praedictum
722 734 868 799 volumen
891 734 975 798 inter
996 734 1191 798 authenticos
1214 733 1335 797 codices

158 839 191 902 in
219 837 351 902 ecclesia
372 836 539 916 legendum
562 837 723 919 apostolici
747 837 891 902 culminis
912 837 1069 901 sententia
1090 838 1224 901 sanctire
1247 854 1334 900 eura-

158 942 219 1022 vit,
248 940 426 1005 venerando
455 938 698 1004 Innocentio
728 940 878 1005 ecclesiae
899 940 1060 1004 Romanae
1089 940 1336 1022 scripturam

157 1049 302 1128 posteo
322 1041 571 1107 roborante.“

243 1145 320 1210 Wer
349 1146 434 1210 diese
462 1144 572 1210 Worte
602 1146 660 1209 mit
689 1147 745 1211 der
765 1145 1006 1226 Inhaltsangabe
1034 1144 1220 1225 vergleieht,
1252 1145 1335 1208 kann

160 1249 340 1314 schuerlich
371 1248 507 1313 dantber
534 1249 578 1312 im
610 1247 736 1313 Zueisel
765 1248 906 1328 bleiben‚
941 1248 1009 1313 dass
1037 1247 1195 1313 Arnaldus
1224 1265 1336 1312 unsere

162 1349 380 1425 Haudscbrist‚
407 1350 442 1432 jn
471 1351 550 1416 anob
579 1353 696 1416 beneito
726 1351 787 1416 den
809 1350 861 1416 sol.
886 1351 976 1415 192a
997 1370 1059 1416 von
1080 1356 1221 1433 spiterer
1244 1351 1336 1415 Haud

162 1453 434 1534 nacbgetragenen
456 1452 547 1518 Briei
564 1453 719 1519 Innocenz
742 1454 783 1520 ΙΙ.
807 1454 872 1518 sah.
912 1454 955 1519 Es
977 1455 1017 1518 ist
1038 1455 1134 1534 ndtig,
1158 1454 1219 1517 den
1233 1453 1337 1517 Wart-

161 1557 230 1621 laut
251 1556 352 1620 dieses
373 1557 585 1621 sonderbaren
607 1557 821 1622 Dokumentes
843 1557 912 1621 hier
934 1554 1163 1636 anzufugenb:

246 1659 461 1736 Innocentius,
488 1677 597 1724 servus
625 1677 786 1726 servorum
817 1660 894 1737 Dei,
923 1660 1077 1725 universis
1106 1659 1256 1723 ecclesiae
1279 1657 1337 1720 Dei

160 1760 233 1828 filiis
265 1763 398 1827 salutem
428 1768 461 1827 et
489 1763 691 1845 apostolicam
721 1763 972 1829 benedictionem
1000 1764 1033 1827 in
1061 1761 1194 1827 Christo.
1248 1761 1338 1824 Hune

161 1865 298 1929 codicem
321 1884 342 1930 a
360 1866 474 1930 domno
495 1885 578 1949 papa
592 1865 714 1931 Calixto
729 1867 874 1949 primitus
888 1866 1017 1941 editum,
1041 1884 1134 1946 quem
1148 1864 1339 1928 Pictavensis

161 1967 344 2049 aymericus
366 1968 520 2034 Picaudus
542 1970 581 2033 ‹le
604 1969 780 2035 Partiniaco
802 1971 915 2048 veteri,
939 1971 991 2051 qui
1014 1971 1109 2034 etiam
1132 1967 1277 2033 Olivems
1299 1967 1339 2028 de

162 2070 282 2149 laconi,
302 2072 396 2137 vitiae
417 2077 543 2137 sunctae
565 2073 685 2137 Mariae
706 2074 914 2152 Magdolenae
937 2075 976 2138 de
998 2073 1148 2138 viziliaco
1168 2072 1282 2136 dicitur
1307 2073 1340 2131 et

162 2171 318 2253 Girberga
339 2173 549 2256 Flandrensis‚
572 2175 658 2239 socia
679 2174 756 2255 ejus,
778 2194 836 2258 pro
858 2176 1032 2240 animarum
1053 2193 1179 2239 suarum
1197 2175 1339 2253 redempa

165 2277 251 2340 tione
273 2281 380 2342 sancto
403 2277 519 2343 Jacobo
543 2276 771 2342 Gallerinnensi
795 2277 951 2343 dedemnt
971 2279 1075 2342 verbis
1096 2277 1338 2349 veracissimum,

164 2380 287 2445 actione
308 2381 551 2463 pulcherrimum
567 2382 607 2445 ab
622 2380 780 2446 haeretica
794 2385 827 2445 et
841 2381 1019 2463 apocrypha
1033 2380 1188 2463 pravitate
1203 2380 1339 2444 alienum

163 2487 196 2546 et
217 2483 301 2547 inter
322 2483 546 2548 ecclesiasticos
568 2484 690 2548 codices
712 2483 926 2549 authenticum
941 2488 974 2548 et
989 2503 1094 2548 carum
1110 2481 1185 2557 iore,
1205 2480 1339 2546 auctori-

163 2591 212 2649 tos
244 2589 352 2650 nostra
384 2585 474 2650 vobis
506 2583 706 2666 testificatur,
742 2589 981 2652 excomunicans
1010 2596 1043 2651 et
1072 2585 1340 2651 anathematizans

166 2688 354 2752 auctoritate
387 2687 446 2752 Dei
479 2689 579 2770 patris
610 2689 832 2770 omnipotentia
865 2696 898 2754 et
929 2688 984 2754 filii
1017 2694 1051 2753 et
1081 2689 1209 2770 spiritus
1241 2686 1339 2751 sancti

163 2789 245 2867 illos,
270 2789 323 2870 qui
346 2789 413 2869 ejus
435 2789 552 2854 latores
573 2791 606 2853 in
628 2791 741 2855 itinere
763 2792 862 2856 sancti
877 2792 985 2856 Jacobi
1001 2790 1082 2856 sorte
1097 2789 1341 2872 inquietaverint

166 2892 216 2956 vei
239 2892 293 2973 qui
315 2893 355 2957 ab
377 2892 518 2973 ejusdem
542 2893 674 2976 apostoli
697 2894 834 2975 basilica,
858 2899 1023 2977 postquam
1039 2895 1083 2959 ibi
1099 2894 1223 2959 oblatus
1237 2891 1341 2967 fuerit,

166 2994 280 3075 injuste
302 2995 391 3059 illurn
414 2996 601 3061 abstulerint
622 2997 671 3061 vei
693 2995 915 3062 inundaverint.
960 2998 1081 3062 Valeto.

250 3098 318 3177 Ego
351 3098 525 3164 Aimerieus
561 3101 765 3165 cancellarius
801 3100 884 3165 bunc
915 3101 1029 3165 librum
1063 3099 1276 3165 authenticum
1309 3103 1342 3161 et

168 3218 310 3265 veracem
339 3200 407 3267 fore
436 3202 476 3266 ad
507 3202 657 3267 bonorem
686 3204 784 3268 sancti
814 3203 922 3269 Jacobi
952 3222 1048 3268 manu
1078 3221 1148 3267 mea
1177 3202 1341 3267 scribendo

165 3302 298 3368 affirmo.

250 3407 317 3486 Ego
341 3405 493 3472 Girardus
514 3408 553 3472 de
575 3414 684 3474 sancta
703 3426 795 3475 emec
817 3409 984 3474 cardinalis
1005 3410 1088 3474 bunc
1108 3409 1247 3474 codicem
1269 3426 1338 3488 pre-

164 3508 278 3573 tiosum
301 3510 341 3574 ad
366 3509 461 3574 decus
483 3512 582 3575 sancti
607 3512 715 3578 Jacobi
738 3532 843 3594 penna
863 3532 933 3578 mea
955 3515 1119 3579 scribendo
1142 3512 1316 3577 corroboro.

250 3610 317 3691 Ego
348 3612 451 3677 Guido
482 3613 629 3678 Pissanus
657 3615 840 3693 cardinalis,
871 3616 954 3697 quod
984 3617 1117 3681 domnus
1143 3633 1226 3697 papa
1247 3613 1339 3678 Inno-

164 3714 284 3778 centius
306 3713 499 3792 testifieatur‚
522 3714 650 3782 affinno.

249 3816 317 3897 Ego
340 3817 394 3881 Ivo
416 3819 600 3897 cardinalis,
623 3821 705 3901 quod
725 3822 831 3886 domni
853 3840 954 3905 papae
976 3821 1148 3886 Innocentii
1171 3819 1340 3884 auctoritas

166 3917 309 3996 affirmat,
332 3918 463 3984 laudare
485 3938 548 3985 non
572 3940 691 3988 recuso.

249 4022 317 4102 Ego
344 4020 515 4101 Gregorius
548 4026 730 4109 cardinalis,
765 4046 864 4111 nepos
893 4028 998 4092 domni
1026 4046 1128 4110 papae
1156 4024 1339 4099 iunocentii,

163 4124 246 4190 huno
268 4125 404 4190 codicem
427 4128 579 4208 optimum
602 4131 640 4195 ad
665 4130 815 4196 honorem
836 4131 921 4195 beati
943 4131 1050 4195 Jacubi
1073 4131 1177 4195 laudo.

165 4244 372 4254 —u-——u—

234 4294 255 4359 ¹)
271 4293 329 4347 Dan
347 4295 415 4350 Text
438 4298 576 4352 entnehme
600 4299 643 4352 ich
661 4299 729 4366 Fiam
748 4299 894 4354 Ricucrdos
916 4301 949 4354 do
971 4319 1006 4354 un
1026 4299 1103 4371 Viaje
1130 4317 1145 4353 a
1166 4300 1290 4367 Suntiago
1309 4296 1342 4349 de

165 4379 275 4444 Galicia
295 4379 401 4434 Madrid
423 4382 497 4441 1880.
