2918 4868
637 239 847 303 ..44-

155 416 186 464 Iu
199 415 282 465 Laud.
297 430 347 465 nur
364 415 422 464 eine
435 409 456 462 Α
474 413 521 464 bal
531 412 567 463 Ε
585 440 619 448 -
632 407 654 461 Α
672 409 696 474 3,
714 409 726 462 l
740 414 777 462 Te
789 411 856 462 fehlt
867 411 898 462 G.
910 437 944 448 -
957 407 977 460 Α
996 408 1021 470 4,
1042 407 1054 459 l
1068 411 1135 460 Ante
1149 424 1242 476 praeeo
1255 409 1287 461 G.
1300 439 1332 446 »-

154 483 194 532 Λᾶ
215 484 280 534 Ben.
303 479 321 532 3
345 499 384 549 sq.
402 482 489 532 leblen
506 484 542 532 Μ.
562 510 594 518 —-
612 480 652 530 Ad
671 481 731 531 Sex.
750 477 770 530 Α
792 478 804 530 1
824 482 869 544 qui
887 495 934 545 per
951 479 1073 544 angelum
1092 479 1128 528 M.
1147 507 1180 515 —
1198 478 1247 529 Ad.
1264 479 1333 529 Nou.

153 546 192 612 Α,
213 548 231 602 3
248 569 295 617 per
313 557 432 601 succuum
450 552 572 616 spiritum
591 550 622 600 A.
640 576 674 585 -
688 547 762 600 1112.
781 551 859 615 Vesp.
878 564 929 598 nur
946 551 1003 598 vier
1021 544 1042 597 Α
1061 547 1106 596 bat
1125 550 1161 611 ll;
1186 545 1207 596 Α
1225 544 1242 596 2
1259 547 1333 598 fehlt.

153 622 210 670 Nur
238 623 297 670 eine
316 616 349 669 Αε
374 620 397 670 0
420 618 571 685 patriarcha
593 619 683 684 populi
708 617 755 668 hut
772 620 807 668 M.
833 645 864 653 -
884 613 904 666 Α
927 613 944 667 3
970 616 1023 666 und
1041 615 1059 667 4
1077 616 1228 682 umgeslelll
1246 617 1281 665 H.
1301 642 1331 651 -

152 683 174 738 Α
196 687 220 749 5,
238 685 255 739 3
273 690 363 755 Digna
380 704 445 738 voce
462 687 553 754 populi
571 687 603 737 Α.

584 936 617 994 ll.
652 938 690 993 lle
707 940 805 994 sauata
822 938 910 994 Auca.

279 1084 321 1142 lu
346 1079 580 1154 t.'vespertr.
890 1082 930 1141 ln
955 1082 983 1144 1.
1007 1080 1212 1142 Nocturuo.

345 1197 523 1265 Antiphonae.
960 1198 1136 1266 Antiphontis.

63 1328 68 1338 ·
162 1306 189 1366 1.
212 1308 307 1377 Anna,
330 1303 415 1363 beuta
437 1303 560 1374 dominu,
782 1303 809 1365 1.
832 1303 935 1363 Annae
957 1304 1017 1363 vita
1038 1305 1080 1362 sic
1102 1304 1205 1363 claruit

256 1391 353 1449 Mater
374 1388 520 1464 genitricis
541 1387 605 1464 Dei,
874 1390 961 1462 Apud
984 1390 1092 1449 vicinas
1113 1395 1221 1463 gentes.

213 1475 331 1535 Colatur
352 1475 429 1533 iuter
447 1473 561 1548 agmina
831 1475 914 1546 Quod
936 1491 1051 1549 semper
1071 1475 1134 1534 Deo
1156 1474 1265 1548 placuit

255 1559 320 1620 Deo
343 1560 439 1620 dicata
460 1557 537 1621 fidei.
872 1561 1043 1621 Recreaudu
1062 1566 1188 1635 egentes.

161 1664 192 1724 2'
215 1662 334 1722 cmm
352 1664 439 1723 Anna
460 1663 584 1736 gemm
777 1700 807 1758 2.
831 1698 917 1758 Suam
940 1715 1063 1773 namque
1084 1697 1273 1757 substantiam

255 1750 492 1822 imploratam
514 1746 676 1824 mifififflm³
874 1783 1029 1844 Dividebat
1051 1783 1175 1860 serare,

213 1833 271 1894 S⁰d
294 1834 359 1907 ΡΜ
381 1834 462 1908 vim
484 1834 662 1932 mdenffptm
828 1870 943 1930 Partem
966 1870 1135 1943 impendens
1157 1869 1272 1928 tertiam

257 1920 380 1993 pmpw'
400 1920 512 1993 pr⁰¹⁰m
535 1918 675 1978 dfflfimm'
869 1955 940 2014 Mox
961 1956 1069 2029 templo
1091 1955 1138 2016 vel
1159 1955 1307 2016 ecclcsiae.

163 2025 192 2084 8.
215 2021 290 2081 Natu
313 2023 350 2081 de
371 2022 521 2095 praeclaro
544 2037 648 2096 genere

254 2108 323 2167 suit
344 2118 436 2167 maur
458 2123 520 2166 cum
544 2106 613 2180 sta,
668 2180 672 2188 ,
776 2095 806 2152 3·
829 2091 936 2165 egents
958 2098 988 2150 c
1009 2092 1169 2166 saracenis

212 2192 336 2254 Dotatae
357 2194 430 2253 miro
450 2209 577 2266 munere,
870 2177 1017 2251 Erogabat
1038 2178 1134 2251 ulium,

253 2278 370 2338 Florem
391 2280 492 2339 dautes
513 2284 544 2338 ut
566 2278 637 2338 lilia.
827 2261 977 2322 Clienlulis
998 2279 1033 2322 ac
1054 2262 1183 2338 parvulis

158 2384 189 2444 4.
212 2382 388 2444 Veneremur
409 2397 506 2441 omues
528 2387 647 2440 matrem
871 2349 915 2408 Al
937 2348 992 2407 ⁸ibi
1016 2349 1169 2412 midwu.

255 2467 409 2528 Genitricis
433 2466 561 2540 deificae,

213 2555 254 2615 Ut
275 2554 337 2626 ejus
358 2552 436 2626 apud
459 2558 570 2626 putrem
951 2537 1137 2601 Responcorta

254 2637 438 2699 Gmffllemffl
453 2636 612 2712 magnifici·
774 2657 803 2720 1.
826 2655 993 2717 Nazareuus
1016 2659 1077 2732 ejus
1099 2666 1192 2733 pater,

159 2740 487 2816 coruscaturum
511 2739 588 2811 colit,
869 2743 953 2803 Vitae
975 2744 1021 2803 cir
1042 2744 1183 2818 egregiae,

252 2825 329 2889 colit
348 2826 525 2902 genitricem,
824 2828 869 2887 De
891 2829 1060 2888 Bethlehem
1082 2831 1143 2902 eius
1165 2836 1258 2889 mater

214 2912 287 2983 Quia
309 2927 373 2971 cum
394 2913 481 2972 Anna
502 2910 605 2970 recolit
869 2914 969 2989 Regali
992 2916 1138 2990 progenie,

250 2998 374 3057 Mariam
396 2997 551 3060 victricem.
826 2999 875 3058 Sic
895 3001 1062 3073 praeclarus
1084 3002 1146 3074 ejus
1168 3007 1269 3061 venter

315 3132 356 3184 ra
374 3131 535 3252 ”²⁸⁰⁵‚⁶⁰,⁸¹'
759 3168 794 3230 v.
818 3083 1269 3245 urglffingnieffltmffeessmffiem

143 3238 182 3297 A.
208 3236 338 3296 Coeleste
360 3244 549 3312 patrocinium
865 3259 930 3318 Hoc
949 3257 1019 3316 ofin·
1036 3258 1148 3330 ordine,

252 3321 394 3384 R⁰fl⁰f¹¹it
417 3324 446 3382 1¹¹
468 3324 563 3392 Alma·
822 3343 901 3416 Quae
922 3341 1042 3401 haberet
1061 3344 1118 3402 vim
1141 3343 1265 3417 regalem

209 3407 285 3466 Dum
309 3409 421 3483 insigne
442 3410 598 3470 triclinium
866 3428 1046 3488 pmlfflm
1069 3429 1142 3487 mim
1165 3429 1298 3492 culmine·

251 3493 415 3554 Gratuitum
437 3500 470 3554 ut
490 3512 595 3556 manua

208 3578 330 3639 Protulit
354 3579 507 3639 declivium
769 3566 800 3627 2.
819 3565 900 3627 Haec
915 3571 958 3623 est
975 3565 1094 3643 eoelum,
1117 3566 1146 3623 iu
1162 3582 1219 3640 qua
1233 3569 1318 3628 stella

247 3664 356 3725 Ferens
377 3665 495 3738 antiqua
517 3666 630 3742 damna,
821 3651 921 3710 Ortum
945 3650 1036 3730 duxit,
1059 3668 1143 3725 quum
1165 3652 1291 3728 plagella

207 3750 319 3811 claruit
340 3751 474 3810 lucinium
864 3736 1009 3796 Rescrtbit
1031 3737 1170 3810 Mosuiua,

249 3833 400 3896 Perfusum
422 3837 486 3895 luce
507 3854 618 3913 magna,
822 3821 901 3894 Quas
922 3828 1037 3882 servata
1058 3839 1076 3882 a
1097 3825 1227 3896 procella

820 3906 934 3966 Mentes
956 3913 1053 3968 senat
1072 3913 1101 3967 et
1122 3909 1151 3967 iu
1175 3911 1249 3969 cella

325 3972 519 4022 Inviutorium.
861 3993 986 4067 Repouit
1007 3993 1165 4067 probatica

205 4075 376 4136 Coelestium
398 4077 540 4150 Quinum
758 4076 793 4138 V.
818 4078 886 4151 Ora,
908 4085 1010 4152 mater,
1033 4078 1121 4139 filiam

249 4161 341 4220 Deum
363 4163 525 4237 adoremus,
862 4166 977 4224 Summe
998 4165 1189 4239 benedictam,

204 4247 244 4306 Et
264 4264 318 4321 pru
339 4249 441 4308 Annae
459 4249 553 4321 iubilo
820 4250 859 4310 Ut
882 4250 969 4311 ducat
986 4251 1025 4311 ad
1046 4252 1169 4325 patrium

246 4332 351 4394 Omnes
369 4334 534 4407 Jubilemus.
862 4335 978 4395 Plebem
1000 4336 1047 4395 hic
1069 4335 1215 4400 afflictam.
