2918 4868
648 256 857 323 „54-

229 434 304 483 Brev.
329 431 501 481 Valentinum
527 433 590 495 imp.
612 430 726 496 Neapoli
757 425 831 480 1489.
857 429 888 478 A·
916 457 949 465 —
972 428 1048 479 Brev.
1073 429 1243 480 Valentinum
1274 431 1338 495 imp.

161 500 388 567 Caesaraugustae
407 495 482 550 1503.
500 499 530 548 B.
549 525 581 534 —
603 500 680 548 Brev.
698 499 869 549 Valentinum
887 499 948 562 imp.
967 498 1107 548 Valentino
1127 495 1201 548 1533.
1220 499 1249 549 0.

229 571 283 620 Der
306 569 377 618 volis
401 569 468 617 Text
491 565 572 617 findet
594 568 651 617 sich
677 583 725 617 aue
747 566 885 616 derselben
904 566 997 627 Quelle
1021 567 1070 616 wie
1093 566 1139 616 der
1164 567 1338 617 vorstehende

160 640 283 704 Hymnus
301 637 378 687 Anal.
396 636 457 700 ΧΠ,
477 633 510 685 64
528 652 566 701 sq.
586 636 654 686 ohne
671 637 806 686 Variante.

541 852 584 909 11.
619 850 650 908 18
669 851 862 910 transfixione
881 852 960 910 BllV.

657 990 701 1045 Ad
719 989 833 1046 Laudes

164 1136 192 1197 1.
215 1134 260 1193 De
283 1149 367 1191 cmce
386 1135 447 1206 jam
470 1133 631 1206 depositum
777 1137 806 1196 3.
830 1133 984 1192 Concernis
1008 1133 1110 1191 vulnus
1132 1133 1241 1206 lateris,

211 1220 303 1278 Tuum
322 1220 465 1291 jacentem
488 1220 596 1292 gremio
828 1219 914 1279 Unde
935 1217 1080 1277 fluxerunt
1102 1215 1219 1277 flumina

213 1304 289 1363 Dum
312 1304 515 1377 contemplaris
537 1303 636 1380 filiuni,
828 1306 885 1364 Per
906 1309 996 1364 totum
1018 1303 1116 1362 orbem
1138 1303 1285 1378 sanguinis

214 1390 279 1448 Non
302 1390 406 1449 mansit
427 1391 457 1448 in
479 1395 509 1447 te
530 1390 658 1462 spiritus.
829 1391 876 1448 Ad
900 1390 1044 1462 expianda
1066 1389 1195 1450 criuriua.

159 1530 188 1587 2.
212 1527 313 1588 Cernis
336 1543 468 1585 coronam
491 1527 630 1603 spineam,
775 1530 806 1591 4.
828 1527 898 1586 11118
917 1525 1032 1584 ablatus
1046 1526 1172 1585 brachiis

213 1613 292 1683 Quae
316 1618 402 1686 caput
424 1613 485 1684 eius
508 1610 647 1685 perforat,
828 1612 862 1670 In
885 1612 1038 1684 sepulchro
1060 1612 1219 1684 reponitur,

212 1698 318 1755 Manus
337 1697 483 1770 pedesque
505 1698 648 1770 conspicis
832 1698 894 1756 Tua
918 1694 1025 1756 1818811
1046 1698 1141 1756 anima

213 1782 251 1840 Et
272 1781 450 1856 flagellorum
476 1783 603 1841 vulnera.
829 1783 953 1841 Tristem
976 1797 1118 1841 recessum
1142 1782 1278 1857 cogiuns.

517 1904 546 1962 5.
570 1904 593 1962 0
616 1903 776 1975 personalis
797 1902 920 1973 trinitas,

567 1987 770 2047 Substantialis
792 1988 898 2061 unitas,

567 2073 614 2132 Da
636 2090 687 2132 nos
708 2079 854 2132 consortes
876 2070 953 2130 effici

570 2157 776 2218 Transfixionis
798 2158 927 2232 virginis.

230 2279 306 2328 Brev.
335 2277 506 2328 Valentinum
534 2278 596 2342 imp.
623 2277 737 2342 Neapoli
767 2273 841 2326 1489.
866 2278 897 2325 Α.
923 2301 958 2310 -
980 2277 1055 2325 Brev.
1080 2275 1249 2324 Valentinum
1275 2276 1338 2339 imp.

162 2346 389 2412 Caesaraugustae
409 2342 482 2397 1503.
504 2347 534 2396 Β.
552 2375 586 2382 -
606 2346 682 2395 Brev.
700 2346 870 2395 Valentinum
889 2347 951 2409 imp.
971 2345 1110 2394 Valentiae
1133 2340 1205 2394 1533.
1224 2344 1253 2393 C.

535 2563 576 2620 11.
610 2563 649 2619 lte
669 2562 861 2636 conpassione
879 2561 958 2620 uuv.

629 2698 673 2753 Ad
690 2698 861 2754 Noctumum.

169 2846 196 2904 1.
217 2841 328 2913 Gaude,
353 2841 425 2900 88811
448 2841 537 2916 curia,
780 2847 809 2904 2.
833 2842 943 2919 Gaude,
968 2842 1030 2901 Deo
1053 2840 1178 2914 deditus,

260 2928 301 2986 Te
324 2927 404 3000 virgo
427 2927 583 2999 decoravit,
876 2928 1038 2988 Virtutibus
1061 2928 1172 2997 ditaris,

215 3013 292 3085 Quae
316 3012 423 3071 Christi
448 3019 548 3071 saneta
570 3012 688 3072 brachia
833 3015 908 3073 Dum
930 3013 983 3072 sub
1007 3028 1091 3071 cmce
1113 3013 1223 3086 positus

260 3100 331 3158 Post
351 3103 471 3156 mortem
493 3098 669 3158 attrectavit.
855 3155 856 3158 ,
875 3100 999 3158 Mariam
1022 3097 1233 3171 contemplaris.

520 3221 547 3280 8.
572 3218 682 3297 Gaude,
705 3224 850 3295 peccator,
874 3219 958 3277 venia

619 3304 700 3363 Tunc
722 3303 775 3362 tibi
797 3304 977 3379 propinatur,

572 3388 647 3449 Dum
668 3390 768 3449 matris
790 3389 946 3463 ignominia

616 3474 674 3534 Sub
698 3491 782 3533 cruce
804 3475 977 3534 consolatur.

230 3593 302 3642 Orat.
321 3607 368 3641 ms.
389 3591 416 3642 S.
435 3593 577 3643 Clementis
595 3592 718 3643 Toletani
736 3608 804 3643 saec.
825 3590 864 3643 15.
884 3591 946 3643 Cod.
964 3591 1099 3641 Matriten.
1117 3589 1203 3640 Tolet
1225 3583 1282 3637 122.

534 3809 578 3867 18.
616 3810 652 3865 tie
671 3808 863 3885 conpassione
882 3810 961 3867 BltV.

663 3946 707 4002 11
721 3947 843 4002 Pn'msrn.

163 4093 192 4151 1.
216 4090 305 4162 Quem
328 4095 432 4148 cuncta
456 4089 662 4162 supersidere
785 4093 813 4149 2.
837 4091 915 4163 Quae
935 4089 1015 4162 virgo
1037 4088 1091 4148 Dei
1114 4087 1204 4146 filium

215 4176 329 4247 Colunt,
358 4176 489 4250 adorant,
516 4176 694 4248 praedicant,
836 4175 916 4233 Tunc
939 4176 1035 4248 genuit
1057 4189 1209 4247 puerpera,

214 4261 337 4320 Peccata
358 4267 457 4319 nostra
479 4268 576 4319 vetera
835 4260 898 4319 Stat
920 4277 1034 4333 gemens
1056 4260 1094 4318 ad
1116 4259 1289 4335 supplicium

215 4348 264 4407 Ad
287 4363 403 4405 crucem
427 4362 495 4405 vere
517 4353 684 4420 provocant.
834 4347 985 4406 Cernendo
1007 4346 1099 4404 crucis
1118 4346 1231 4408 misera
