2918 4868
623 280 857 345 —119-

542 444 589 503 lsa
632 448 671 504 lle
689 449 788 505 saneta
805 448 930 507 Eulalia.
959 401 965 413 ι

436 556 463 615 1.
487 555 556 616 Flos
578 558 699 631 patriae,
723 558 810 617 decus
832 565 918 632 atque
941 560 1028 618 decor

486 642 706 702 Barcinonensis
730 649 758 701 et
777 643 858 702 urbis
879 645 980 717 honor,

488 727 605 788 Civibus
627 732 717 788 enitet
738 730 863 802 Eulalia,

486 813 561 872 Lilia
583 815 707 874 candida
728 815 809 889 virgo
832 815 918 887 velut,

486 898 540 958 Vel
563 916 629 959 rosa
649 901 788 974 nrartyrio
811 899 917 959 rubuit.

434 1004 463 1062 2.
486 1000 572 1062 Unde
594 1020 699 1063 corona
721 1004 855 1076 perennis
879 1003 906 1061 ei

483 1087 605 1148 Tradita
627 1090 756 1148 creditur
777 1105 840 1147 esse
863 1090 979 1169 duplex,

483 1175 562 1246 Quae
583 1175 711 1248 pretiosa
733 1176 794 1234 Deo
816 1175 925 1233 meritis

486 1260 651 1334 Virginibus
674 1262 783 1320 sociata
805 1261 881 1334 polo,

485 1345 665 1419 Martyribus
686 1348 749 1405 sine
771 1345 827 1405 fine
850 1352 954 1409 manet.

431 1449 460 1507 3.
483 1447 572 1518 Quum
596 1465 681 1522 prece
702 1450 848 1522 poscimus
869 1448 994 1528 assidua,

484 1534 524 1593 Ut
545 1535 621 1593 mala
643 1535 735 1608 pellat
756 1535 792 1593 ab
815 1534 887 1594 urbe
910 1552 970 1612 sna,

481 1619 574 1694 Digne
597 1620 759 1693 petentibus
782 1621 846 1694 ipsa
868 1626 958 1696 petat,

481 1705 541 1764 Nos
561 1705 602 1764 ibi
625 1706 722 1765 vivere
743 1712 808 1779 post
831 1707 939 1766 obitum

482 1792 631 1864 lmpctret‚
655 1797 699 1849 est
720 1792 769 1850 ubi
792 1809 867 1851 nnnc
889 1793 993 1852 emina.

428 1899 458 1955 4.
481 1897 613 1956 Praestet
634 1895 689 1954 hoc
710 1897 888 1969 omnipotens
915 1896 1016 1961 deitas,

479 1981 568 2039 Trina
591 1981 711 2040 colenda
733 1983 783 2040 sed
805 1999 862 2040 nna
885 1989 988 2056 tamon,

478 2068 567 2127 Omne
590 2067 635 2125 cui
660 2066 812 2126 famuletur
834 2083 914 2140 opus,

479 2153 591 2210 Laudet
613 2159 642 2211 et
663 2169 754 2225 omne,
778 2153 854 2226 qnod
876 2159 928 2224 est,
952 2153 1070 2228 pariter,

481 2239 583 2298 Omnia
604 2240 719 2297 saecula
740 2237 909 2313 glorificent.

205 2357 280 2405 Brea.
300 2357 494 2406 Barcinononse
513 2358 575 2422 imp.
593 2358 757 2407 Barcinonao
778 2353 850 2406 1540.
892 2357 943 2405 Mit
960 2355 1010 2406 den
1030 2355 1125 2406 beiden
1144 2358 1313 2410 unmitlolbar

133 2423 366 2491 vorhergclrenderr
379 2426 492 2475 Lindum
511 2434 587 2475 untur
604 2425 650 2475 dor
662 2426 778 2476 Rubrilc:
803 2426 917 2490 „Hymni
936 2426 1039 2489 antiqui
1058 2425 1150 2475 beatae
1165 2426 1312 2490 Eulaliae“,

132 2496 170 2543 im
190 2494 353 2560 Gegenaatao
371 2510 404 2543 nu
422 2494 472 2543 don
491 2493 699 2559 nachfolgemlon
712 2495 850 2560 jdngereu.

532 2659 585 2717 lta.
623 2660 662 2716 lle
680 2661 780 2717 saneta
798 2656 924 2720 Eulalia.

623 2765 665 2819 Ad
683 2765 823 2835 Vesperas.

135 2878 163 2937 l.
186 2876 288 2934 Alanus
310 2877 410 2935 landes
430 2876 563 2934 Eulaliae
744 2880 772 2934 4.
800 2875 927 2947 Depulso
951 2876 1052 2948 culpae
1075 2874 1181 2934 lamine

186 2960 305 3035 Semper
326 2979 489 3035 promamus
512 2962 601 3034 avidi,
797 2960 853 3019 Cor
875 2960 958 3019 offert
981 2962 1041 3021 Deo
1065 2962 1202 3034 deditum,
1295 3008 1298 3014 .

187 3048 276 3118 Quam
300 3049 411 3107 vocavit
434 3064 485 3105 rex
507 3048 616 3121 gloriae
792 3048 880 3119 Quam
904 3064 1003 3105 servas
1025 3049 1086 3105 sine
1108 3048 1235 3120 crimino,

185 3134 240 3192 Ad
257 3132 690 3207 coenamagniprovidi.
796 3132 894 3189 Dcus
917 3139 1066 3191 tuorum
1089 3134 1265 3192 militnm.

131 3238 161 3296 2.
185 3236 362 3295 Barcinonae
382 3236 564 3310 praeconium
744 3237 774 3295 5.
797 3235 851 3293 Est
873 3235 988 3295 Christo
1008 3237 1108 3306 juncto
1131 3236 1249 3293 coelitus

186 3321 238 3380 Est
260 3339 365 3395 sponsa
388 3322 495 3381 Christi
517 3322 605 3395 regia,
797 3321 920 3379 Excelsa
943 3322 1156 3394 supersidam,

186 3407 242 3465 Per
263 3425 347 3481 quam
371 3408 458 3466 donet
477 3424 528 3466 ccx
551 3407 675 3480 gentium
796 3407 861 3466 lam
885 3406 1035 3478 possidens
1059 3406 1195 3464 divinitus

183 3493 301 3552 Beata
320 3493 433 3553 nobis
456 3494 604 3568 gaudia.
796 3491 1123 3554 AeternoGhristi
1142 3507 1304 3552 nrunera.

131 3599 160 3656 3.
185 3597 271 3657 Clara
292 3597 400 3656 micans
422 3598 558 3671 prosapia
744 3597 772 3654 6.
796 3594 887 3653 Felici
911 3610 1025 3667 semper
1046 3593 1150 3666 gaudio

184 3683 294 3742 Poenas
317 3683 423 3742 devicit
445 3683 604 3759 vorborum,
796 3681 857 3739 lleo
877 3696 1010 3738 castrandus
1034 3679 1159 3750 vocibus,

182 3770 271 3841 Quam
295 3776 343 3826 tua
366 3769 448 3826 dotas
472 3768 573 3844 gratia,
798 3767 835 3824 Et
858 3767 887 3822 in
911 3766 971 3837 cjus
994 3764 1130 3837 obsequio

184 3852 374 3912 Conditor
394 3855 489 3912 almo
511 3854 689 3913 siderum,
796 3851 958 3911 Exsultct
976 3850 1304 3910 coclumlaudlbus.

438 3959 465 4016 l.
490 3955 589 4015 Gloria
611 3957 649 4013 sit.
671 3955 797 4027 ingenito

493 4041 620 4114 Ejusque
641 4041 703 4098 lans
726 4046 755 4097 et
777 4040 892 4098 claritas

492 4130 536 4185 Ac
558 4137 625 4187 nato
648 4142 711 4183 cnm
734 4126 884 4198 paraclito,

488 4213 511 4272 0
534 4214 613 4284 lux,
638 4212 750 4270 beata
773 4212 944 4269 trinitas.

197 4331 271 4381 Brov.
291 4346 338 4379 ms.
358 4330 503 4381 Praedicat.
522 4348 591 4382 saec.
612 4329 651 4381 15).
670 4331 733 4381 Cod.
753 4330 895 4380 Scorialcn.
915 4345 931 4378 a
950 4329 988 4379 111
1006 4326 1074 4378 tta.
1094 4353 1126 4361 -
1140 4328 1235 4390 llymn.
1256 4344 1302 4375 ins.

126 4399 274 4449 Praedicat.
292 4415 360 4450 saco
380 4397 632 4466 ¹⁴l1o.Cod.Capit.
652 4400 787 4449 Valentini
806 4416 826 4449 a.
847 4416 872 4447 n.
891 4400 918 4447 ll.
940 4424 968 4431 -
989 4398 1062 4447 llrcv.
1083 4397 1302 4445 rrra.Dort11scnso
