2918 4868
608 291 836 355 -177-

332 468 360 525 3·
385 466 408 524 0
430 481 534 536 quarn
558 462 746 538 glorifica
769 462 845 524 facta
867 465 1017 539 Hispania,

384 550 463 620 Quae
485 549 568 623 liquit
591 566 644 623 per
665 555 775 624 septem
799 548 903 609 iratres
923 552 1029 625 inania,

384 635 429 694 Ex
453 635 497 694 his
520 651 576 693 uno
598 635 700 709 gliscat
720 638 768 708 jus
791 637 952 710 arragonis

429 721 600 778 Aeterne
623 737 686 780 rex
708 721 915 784 altissime.

333 844 362 900 4.
387 841 612 899 Sanctorum
635 842 787 900 meritis
810 842 960 900 ethorum
983 842 1117 915 precibus

387 926 445 984 Nos
469 943 568 1000 purgo,
592 927 723 1002 Domine,
747 928 894 986 criminum
919 926 1056 1004 faecibus

385 1012 441 1069 Por
462 1029 532 1084 quos
555 1013 704 1072 laudamus
725 1029 799 1071 nunc
821 1014 905 1073 laetis
928 1030 990 1071 curn
1014 1013 1144 1072 faucibus

427 1097 476 1154 Te
499 1097 598 1155 lucis
620 1103 709 1158 ante
729 1099 939 1159 terminum.

332 1220 360 1277 5.
386 1215 602 1274 Plasmator
623 1215 804 1294 hominis,
829 1217 920 1275 trinus
943 1217 991 1290 qui
1013 1234 1085 1275 unus
1109 1233 1149 1285 cs,

386 1300 509 1359 Istorum
531 1301 665 1373 precibus
687 1304 807 1376 gratiam
830 1303 912 1362 uobis
936 1302 996 1376 des,

385 1387 425 1447 Ut
445 1385 533 1444 simu
555 1403 618 1445 cum
640 1387 721 1460 ipsis,
744 1388 793 1445 ubi
815 1395 845 1445 tu
867 1388 945 1446 Deua
968 1404 1009 1461 os,

427 1472 544 1531 Lucis
565 1477 721 1531 creator
743 1474 895 1546 optimo.

195 1589 269 1639 Brea.
288 1604 336 1637 rns.
355 1589 516 1641 Pinnatense
534 1605 601 1640 saec.
624 1586 662 1640 13.
681 1590 744 1640 God.
757 1590 935 1641 Scorialsn.P
953 1591 993 1640 111
1016 1588 1047 1640 12
1066 1591 1125 1641 add.
1146 1606 1215 1642 saco.
1234 1587 1306 1652 ηΙιι.

128 1658 158 1706 Α.
176 1685 210 1694 -
228 1660 303 1708 Brev.
322 1672 370 1707 ms.
382 1659 543 1709 Pinnatense
562 1674 630 1709 saec.
646 1655 682 1709 15.
704 1659 768 1708 Cod.
781 1660 926 1710 Scorialorr.
945 1660 958 1709 l
972 1661 1010 1709 IV
1029 1658 1070 1711 26.
1084 1662 1113 1710 B.
1127 1686 1161 1697 -
1178 1657 1203 1720 4,
1222 1656 1240 1711 3
1257 1660 1309 1711 Per

127 1726 193 1777 rena
208 1726 239 1776 Λ.
257 1755 291 1763 -
309 1723 334 1787 5,
355 1723 366 1776 1
385 1728 431 1793 qur
450 1727 515 1778 rann
532 1728 562 1777 A.

515 1944 575 2001 3112.
610 1944 649 2001 llo
668 1946 765 2002 sancto
782 1944 918 2002 inachim.

613 2066 656 2120 Ad
674 2066 814 2135 vesperas.

129 2192 158 2254 1.
181 2191 288 2251 Gentes
311 2191 486 2266 redemptae,
510 2190 641 2264 plaudite
744 2195 773 2252 3.
795 2191 936 2264 Conjugcs
958 2191 1007 2249 diu
1029 2191 1142 2248 steriles

181 2276 282 2349 Dignis
306 2276 420 2334 laudum
444 2276 615 2348 praeconiis,
796 2276 902 2335 Divina
923 2275 1107 2349 providentia

182 2362 327 2440 Hymnum
350 2378 453 2420 novum
475 2363 616 2420 concinite
796 2362 926 2422 Tandem
950 2360 1043 2418 offecti
1065 2360 1176 2418 fertiles

182 2448 214 2506 ln
236 2447 367 2506 loachim
390 2448 545 2511 solemniis.
796 2447 921 2507 Pulchra
943 2445 1069 2505 dotando
1091 2445 1160 2506 filia.

127 2553 155 2610 2.
179 2549 233 2621 Qui
252 2550 368 2622 junctus
391 2556 434 2608 est
458 2550 598 2610 connubio
745 2555 772 2612 4.
797 2553 820 2611 0
843 2550 974 2609 Joachim
997 2549 1185 2619 sanctissimo,

179 2638 281 2695 Annae
302 2642 450 2694 matronae
472 2636 570 2708 nobili,
796 2636 909 2695 Mariae
930 2641 1015 2709 pater
1037 2634 1164 2709 virginis

179 2721 242 2779 Non
265 2720 359 2779 carnis
383 2721 527 2780 desiderio
798 2722 892 2794 Solve,
920 2737 1073 2795 precamur
1094 2720 1203 2781 intimo.

177 2805 232 2865 Sed
256 2807 285 2865 in
309 2806 411 2865 timore
434 2807 557 2868 Domini.
794 2809 869 2879 Quos
891 2823 983 2865 nexus
1005 2805 1085 2880 angit
1107 2804 1244 2864 criminis.

484 2915 512 2970 5.
537 2908 728 2982 Astripoteoti
751 2907 874 2966 Domino

538 2994 582 3053 Sit
603 2994 666 3053 laus
689 3001 718 3049 et
740 2992 911 3065 benedictio,

536 3079 590 3152 Qui
613 3096 664 3138 nos
686 3078 816 3137 lonchim
840 3078 941 3136 merito

534 3165 703 3224 Sanctorum
727 3163 799 3222 ditet
819 3163 957 3237 praemio.

186 3283 269 3401 11ἒτ3υ31.
281 3281 434 3401 Issigcneuac
458 3286 520 3348 imp.
540 3282 767 3349 Caesaraugustae
793 3279 865 3332 1547.
884 3282 915 3331 Α.
934 3307 967 3317 -
985 3283 1060 3331 Brcv.
1076 3281 1220 3331 [ilerdense
1245 3282 1307 3345 imp.

125 3365 164 3400 ca.
255 3387 261 3399 .
303 3387 310 3399 .

511 3515 573 3573 toa.
610 3517 649 3574 lls
667 3518 765 3573 sancto
782 3513 917 3574 loaolrim.

598 3638 642 3694 nd
659 3638 832 3694 Nocturnum.

129 3766 156 3825 l.
180 3765 299 3838 Plaude,
323 3770 414 3824 mator
436 3765 567 3834 ccclesia,
743 3767 771 3826 3.
796 3763 995 3832 Sedetanum,
1018 3767 1134 3819 sanctae
1158 3759 1277 3833 virginis

180 3850 264 3909 Miris
287 3851 417 3910 exultans
440 3851 562 3924 gaudiis,
794 3850 929 3919 Matrem,
953 3847 1067 3920 reginae
1090 3845 1240 3917 virginum,

181 3935 256 3995 Dum
279 3935 349 3994 colis
372 3936 502 3995 natalitia
795 3933 1003 3992 Benedicentes
1026 3931 1191 3990 collaudant

181 4023 334 4082 Parentum
357 4022 422 4095 piac
444 4021 572 4095 virginis.
796 4021 981 4092 Hymnosquc
1005 4017 1103 4075 dulces
1126 4022 1291 4089 personant.

129 4128 158 4188 2.
181 4126 286 4185 Beatus
308 4130 393 4198 pater
414 4124 545 4184 Joachim
743 4127 773 4183 4.
798 4122 862 4181 Non
886 4122 977 4179 minus
1000 4126 1095 4179 autom
1118 4117 1222 4176 viduac

181 4211 413 4271 Patriarcharam
437 4210 566 4269 coetibus
797 4208 866 4267 Cum
888 4207 1046 4281 conjugatis
1069 4204 1221 4263 concinunt

181 4297 221 4355 Et
242 4297 446 4371 prophetarum
470 4297 567 4354 cuneis
795 4294 835 4352 Et
857 4293 1006 4353 offerentes
1028 4289 1160 4351 laudibus

181 4382 312 4443 Vallatus
336 4379 427 4456 fulget
448 4381 576 4445 coelitus.
796 4382 857 4441 Hos
876 4380 952 4441 vitae
975 4375 1067 4437 tontes
1090 4372 1267 4449 praedicant.

178 4488 292 4536 oran..
306 4486 548 4540 amulanium.
1120 4470 1150 4525 12
