2918 4868
601 274 830 337 -241—

527 473 590 531 420.
625 474 664 532 111
682 477 780 531 sanctu
795 475 901 532 Pontio.
947 500 950 504 “

565 580 569 588 ¹
598 612 641 666 Ad
659 613 831 668 Nocturnum.

127 757 155 817 1.
177 754 261 814 Mille
283 770 346 812 cum
370 755 460 814 111111
478 757 538 827 J'am
561 755 660 829 globos
740 756 769 817 3.
794 755 868 814 Nam
891 771 953 812 cum
976 755 1005 812 in
1027 754 1128 819 aethra
1149 754 1281 829 gaudeat,

180 840 308 899 liaberet
331 847 411 898 actus
434 857 542 898 annuos
793 842 884 901 Omne
906 856 959 913 per
980 841 1105 898 saeclum
1127 841 1231 917 radiat,

178 928 370 999 Imperatores
393 926 534 997 Quiritum
792 929 882 984 Artas
905 925 989 983 humo
1011 925 1064 984 sub
1087 925 1179 984 abditi

178 1012 292 1071 Almam
317 1011 400 1069 duxit
422 1012 459 1071 ad
482 1012 636 1070 lavacrum.
792 1011 871 1070 Dant
892 1009 976 1070 fessis
999 1027 1079 1084 apem
1101 1011 1232 1075 remedii.

125 1135 154 1193 2.
178 1131 255 1189 Vicit
277 1147 383 1203 poenas
406 1137 435 1188 et
457 1131 576 1203 belluae,
740 1135 769 1194 4.
792 1131 906 1191 Divinis
928 1144 997 1204 ergo
1018 1129 1152 1189 laudibus

177 1217 278 1277 illatas
302 1218 497 1292 contumelias,
792 1217 898 1275 Noster
921 1217 978 1273 ciat
1001 1216 1075 1274 huuc
1095 1216 1237 1294 modulus

177 1302 327 1377 Tyrannus
350 1309 434 1376 atque
458 1303 590 1362 zabulum
792 1303 892 1360 Norae
914 1301 962 1374 qui
985 1302 1074 1374 pellet
1099 1302 1223 1360 dedecus

178 1389 321 1460 Receptus
344 1389 447 1447 throno
469 1393 635 1460 martyrum.
793 1388 926 1448 Videndo
949 1394 1061 1446 nostros
1083 1387 1214 1462 gemitus.

482 1514 510 1570 5.
534 1509 558 1568 0
580 1513 756 1582 propugator
777 1508 889 1582 patriae

534 1594 655 1666 Jamque
677 1598 792 1652 senatur
812 1593 930 1667 gloriae,

536 1681 642 1739 Tecum
666 1678 712 1738 lac
733 1685 763 1738 et
784 1696 835 1738 111
857 1676 967 1752 perfrui

534 1765 624 1824 Sedes
646 1765 721 1839 regis
742 1765 878 1825 aetherei.

191 1884 266 1933 Brcv.
291 1901 338 1934 ms.
362 1885 523 1935 Piunatense
545 1900 613 1934 saec.
639 1879 677 1934 14.
700 1884 736 1933 in.
764 1882 826 1933 Cod.
851 1881 994 1932 Scorialuu.
1019 1900 1037 1948 g
1060 1882 1097 1931 IV
1122 1878 1163 1930 29.
1185 1907 1214 1913 -
1236 1877 1264 1939 1,
1286 1875 1303 1928 4

123 1951 227 2001 Almam
244 1952 320 2003 duxit
338 1953 387 2002 Hs.
407 1978 440 1986 —
457 1950 481 2014 4,
500 1950 517 2002 2
535 1955 604 2003 sciat
620 1953 669 2002 He.

520 2184 576 2242 del.
612 2185 765 2243 boscurta
785 2183 892 2242 Pontia.

621 2325 664 2380 Ad
682 2325 796 2382 Laudes.

457 2471 484 2528 1.
508 2470 640 2529 Cousoua
661 2466 744 2541 plebs
761 2467 866 2539 jubilet
888 2467 1019 2539 Domino,

507 2553 561 2625 Qui
584 2554 657 2628 regit
679 2552 775 2612 omnia
793 2555 859 2626 jure
881 2570 941 2624 suo,

509 2639 627 2697 Pontius
648 2640 724 2697 huuc
747 2639 833 2709 canit,
856 2639 953 2697 eximii

509 2724 639 2798 Agminis
662 2725 789 2783 aetherei
809 2725 886 2783 socii.

456 2882 484 2940 2.
509 2878 664 2937 Stemmata
685 2878 734 2950 qui
754 2885 833 2936 satus
856 2878 977 2953 egregio,

510 2964 618 3036 Utpote
636 2964 774 3037 sauguine
796 2964 942 3040 Romuleo,

508 3048 638 3109 obtinuit
659 3048 768 3107 meritis
790 3065 919 3122 operum,

509 3134 705 3207 Multiplicere
726 3134 787 3208 poli
808 3150 964 3195 numerum.

454 3293 483 3352 3.
506 3290 590 3349 11111
612 3289 680 3363 quia
701 3290 744 3347 vis
767 3289 883 3348 inimica
906 3290 951 3348 sui

512 3375 692 3435 Praescierat
713 3380 800 3448 caput
818 3375 907 3448 exitii,

512 3462 639 3522 Perdere
662 3467 693 3518 ut
712 3461 836 3536 genitrix
859 3462 958 3539 voluit,

509 3549 534 3606 Α
557 3563 627 3605 nece
649 3546 700 3605 aed
723 3552 807 3620 pater
829 3546 943 3620 eripuit.
1051 3556 1057 3577 ¹

452 3704 481 3765 4.
503 3705 626 3777 Postque
647 3707 774 3773 vocatur,
797 3710 827 3761 ut
847 3703 1010 3762 innumeros

507 3789 561 3847 Per
579 3790 726 3849 lavacrum
748 3789 834 3847 vehat
855 3789 892 3847 ud
915 3805 1043 3862 superos,

505 3875 561 3933 Hic
584 3872 705 3934 dominis
728 3874 812 3933 docet
832 3874 946 3947 imperii

506 3960 597 4018 Ferre
619 3977 706 4019 suave
724 3960 824 4034 jugum
846 3958 923 4019 fidei.

454 4120 482 4175 5.
507 4116 554 4174 Sic
576 4131 629 4188 per
650 4131 714 4172 eum
737 4116 823 4172 decus
845 4114 982 4172 ecclesiae

506 4200 659 4273 Splenduit
681 4200 806 4272 undique
830 4199 994 4272 catholicae,

508 4287 653 4359 Terraque
676 4285 796 4344 delubra
818 4286 951 4343 tartareis

505 4372 670 4444 Disperiere
693 4371 787 4430 dicata
810 4370 874 4431 diis.

172 4478 285 4527 1111111.
303 4478 424 4531 llpmuodia
437 4477 543 4519 Hiberica.
