2918 4868
658 270 890 335 -192-

547 438 608 494 329.
646 438 683 495 lio
700 441 800 494 sancta
816 438 982 496 Katharina.

653 559 695 613 sd
712 560 886 615 Nocturnum.

186 685 213 741 1.
238 684 346 742 Psallat
371 684 474 742 choras
497 684 636 742 ecclesiae
796 689 824 748 5.
848 685 993 746 Producta
1014 691 1082 743 tunc
1103 702 1139 744 ex
1161 685 1284 744 vinculis

234 769 315 827 Diem
340 771 436 828 colens
458 770 595 846 laetitiae,
848 773 932 832 Patet
955 776 1082 830 rotarum
1104 771 1231 847 circulis,

231 856 294 926 Qua
317 856 398 928 virgo
419 857 615 914 sacratissima
846 858 1015 930 inprompte
1036 857 1088 915 scd
1109 856 1146 915 ab
1168 855 1271 930 angelo

232 941 334 1014 Regna
355 940 523 1000 conscendit
547 941 663 1004 coelico.
847 943 960 1000 Necant
980 942 1085 1000 multos
1107 958 1142 1000 cx
1164 941 1281 1015 populo.

180 1046 209 1104 2.
231 1045 311 1116 Quae
332 1044 458 1102 carceris
481 1044 625 1118 ergastulo
795 1049 822 1106 6.
846 1045 1020 1118 Imperatrix
1036 1045 1151 1118 egregia

233 1131 259 1188 A
283 1132 407 1190 Caesare
429 1130 577 1188 Maxentio
846 1130 954 1188 Marito
976 1128 1089 1203 profert
1111 1130 1195 1188 talia:

232 1217 289 1274 Pro
312 1214 419 1273 Christi
442 1223 521 1274 trusa
544 1215 656 1272 nomine
846 1216 921 1288 Quid
944 1222 1044 1274 contra
1065 1215 1158 1273 Deam
1181 1214 1292 1287 niteris,

233 1300 357 1358 thelesti
379 1307 480 1359 vernat
498 1300 611 1372 jubare.
847 1302 958 1359 Auctor
978 1301 1066 1359 totius
1089 1300 1216 1362 sceleris.

179 1406 207 1463 3.
232 1402 382 1476 virgarum
406 1418 490 1462 caesa
512 1403 629 1461 vulnere
795 1404 823 1464 7.
844 1403 968 1463 Uxorem
991 1419 1054 1461 cum
1076 1402 1239 1478 Porphyris

233 1488 297 1546 Hoc
318 1488 429 1560 accepit
451 1488 480 1546 in
504 1504 629 1559 munere,
846 1488 932 1550 Jubct
955 1505 1020 1547 moa
1044 1488 1108 1547 dari
1131 1488 1237 1565 gladio,

232 1574 313 1646 Quod
327 1572 458 1632 Christus
471 1573 545 1631 hanc
556 1589 619 1632 cam
632 1575 742 1649 angelis
848 1574 979 1633 Carceris
1002 1591 1065 1632 cum
1089 1573 1255 1633 custodibus

232 1658 376 1717 Revisitat
397 1658 426 1716 in
449 1659 580 1722 vinculis.
847 1661 892 1717 Ac
914 1659 1045 1719 ducentis
1067 1659 1214 1722 militibus.

178 1764 211 1822 4.
235 1760 375 1821 Columba
397 1762 484 1820 missa
506 1762 624 1821 coelitus
794 1765 823 1825 8.
849 1764 904 1822 Per
927 1762 1013 1821 verba
1036 1779 1136 1821 sacrae
1157 1762 1277 1835 virginis

233 1846 317 1905 Escis
340 1845 418 1904 fovet
442 1847 587 1920 divinitus,
846 1849 934 1910 Unda
954 1847 1065 1921 protasi
1087 1847 1243 1921 sanguinis,

234 1933 278 1990 hc
301 1932 430 1990 residens
453 1933 574 2006 imperio
847 1934 988 2006 Baptismi
1010 1934 1062 1992 loti
1085 1934 1200 1993 lavacro

230 2017 367 2091 iungitur
388 2019 449 2090 ejus
472 2019 587 2092 gaudio.
847 2019 975 2077 Vemant
996 2035 1098 2078 cruore
1120 2034 1212 2079 roseo.

536 2123 565 2180 9.
589 2120 633 2179 Sit
654 2121 715 2195 regi
738 2121 825 2179 docus
844 2121 994 2194 virginum,

589 2206 713 2283 Christo,
738 2205 841 2265 factori
863 2206 998 2283 omnium,

588 2292 641 2363 Qui
664 2292 842 2351 liutharinae
864 2291 983 2366 gloriam

589 2377 675 2436 Coelo
697 2377 779 2436 dedit
801 2375 954 2441 lucifluam.

243 2495 324 2544 Psalt.
349 2511 396 2544 mu.
415 2495 546 2546 Oculenso
571 2511 638 2546 saec.
664 2493 703 2546 14.
723 2494 785 2546 Cod.
804 2495 881 2545 Arch.
901 2494 962 2547 Nat}
981 2497 1113 2546 hlairitau.
1133 2497 1154 2544 B
1178 2491 1246 2545 3---4
1263 2495 1294 2545 Α.
1319 2523 1354 2532 -

178 2564 252 2612 inec.
272 2580 318 2612 ms.
337 2580 406 2614 suco.
428 2561 466 2613 14.
486 2565 548 2614 Cod.
562 2565 646 2614 Pulat
659 2564 793 2615 Matritcn.
812 2561 863 2615 214
879 2561 972 2628 (2132).
993 2567 1022 2616 B.
1037 2591 1066 2598 —
1081 2565 1175 2614 Diurn.
1195 2580 1242 2613 ms.
1256 2564 1353 2628 Legio-

174 2647 347 2749 }rffizosssaoc.
373 2629 413 2682 15.
437 2632 499 2683 Cod.
525 2633 610 2697 Capit.
634 2635 777 2700 chioncn.
799 2629 841 2684 36.
861 2634 888 2683 C.
907 2659 942 2666 —
959 2633 1010 2684 sn.
1035 2630 1052 2683 5
1076 2632 1142 2701 ichlt
1159 2633 1188 2682 B.
1210 2657 1240 2666 ·-
1259 2633 1311 2684 sar.
1335 2629 1353 2683 8

184 2716 199 2748 e
281 2736 287 2750 .

542 2866 603 2925 33⁰.
640 2864 677 2924 llo
695 2869 795 2925 unctu
813 2866 983 2924 Katharinn.

180 2993 208 3055 1.
232 2992 356 3064 Christe,
380 2999 465 3066 caput
488 2993 636 3067 ccclesiae,
790 2996 819 3056 8.
843 2994 888 3053 Ne
910 3011 961 3052 nos
984 2993 1130 3066 permittat
1153 2993 1260 3051 sacculi

228 3078 305 3135 Fons
330 3078 411 3136 vivus
433 3079 623 3150 innocentiae,
843 3079 936 3151 Hujus
959 3096 993 3137 ex
1015 3079 1090 3136 mole
1113 3079 1230 3155 conteri,

231 3163 401 3239 Kathnrinn‚
425 3171 454 3220 te
476 3165 628 3236 poscimus,
842 3164 899 3222 Sed
922 3182 974 3223 nos
997 3165 1034 3223 ad
1058 3164 1150 3223 locum
1174 3163 1325 3236 subvehat,

231 3248 324 3306 'suere
346 3265 397 3307 nos
421 3251 572 3322 propitias.
843 3250 875 3308 ln
898 3266 954 3323 qno
976 3251 1025 3308 lux
1048 3249 1120 3307 lucis
1143 3250 1246 3310 luceat.

178 3355 206 3414 2.
231 3350 343 3424 Sponsa
364 3351 471 3410 Christi
494 3368 528 3410 ac
550 3352 681 3425 provida,
792 3357 820 3413 4.
845 3352 889 3412 Sit
910 3353 973 3411 lans
995 3352 1072 3425 patri
1095 3367 1158 3409 curn
1181 3350 1241 3410 filio

231 3436 329 3494 Virilis
351 3442 445 3496 tactus
468 3438 572 3515 nescia,
843 3437 1020 3511 Spirituique
1039 3437 1145 3508 valido,

229 3523 286 3580 Pro
308 3521 390 3580 nobis
412 3539 498 3596 prece
520 3523 621 3582 sedula
843 3524 939 3596 Atque
961 3523 1053 3582 servis
1075 3523 1113 3581 sit
1135 3522 1229 3597 gratia

229 3609 368 3681 Ragando
390 3609 533 3668 Christum
559 3609 699 3681 supplica.
841 3610 881 3669 Et
903 3609 940 3668 ab
962 3609 1074 3683 agendo
1093 3608 1194 3682 gloria.

244 3726 325 3775 Psalt.
341 3724 521 3775 Pallantinum
538 3727 601 3791 imp.
621 3728 747 3777 Lucrnnii
768 3724 842 3777 1512.

542 3889 597 3947 331.
632 3890 670 3947 lic
688 3892 787 3950 sancta
806 3889 976 3948 Katharina.

673 4010 716 4066 Ad
737 4013 851 4068 Laudes.

176 4139 203 4198 1.
228 4138 375 4211 Hymnum
398 4138 504 4197 novelli
527 4139 662 4196 carminis
791 4142 819 4199 2.
844 4139 997 4197 Currentcs
1020 4138 1083 4210 ejus
1105 4140 1213 4197 sumitis

227 4224 370 4282 Caudinus
392 4224 477 4282 laetis
498 4223 626 4293 vocibus,
844 4224 922 4284 Coeli
946 4240 1115 4297 ‹purtcramus
1137 4225 1276 4305 praemia,

227 4311 268 4370 Ut
291 4310 467 4369 Katharinac
489 4310 609 4382 virginis
843 4310 955 4368 Iicntur
977 4315 1009 4367 nt
1031 4312 1092 4382 ojus
1116 4310 1226 4368 rrrcrilis

229 4394 393 4454 Exsultet.
408 4395 541 4454 coelum
557 4393 735 4453 laudibus.
842 4395 958 4455 Beata
980 4396 1091 4467 nohis
1112 4397 1263 4470 gaudia.
