2918 4868
610 274 759 340 -229
811 310 845 320 -

386 445 434 506 14.
458 446 580 518 Agmina
602 447 711 507 coelica
734 448 889 507 dulcisonis

458 530 638 591 Concinimus
660 533 806 593 reboando
832 534 920 601 souis,

456 615 514 673 Ter
536 634 647 690 quoquc
669 619 746 677 trina
768 635 821 692 per
843 617 941 677 officia

457 701 579 774 Perpete
600 704 720 762 coelitus
743 704 882 783 exposita,

459 787 563 863 Pangit
583 795 615 847 ut
637 789 714 848 alma
736 790 890 864 theologia.

386 957 435 1018 15.
460 958 616 1017 Puenmate
639 959 707 1019 diva
729 961 832 1020 cohors
855 961 988 1038 rutilans,

455 1042 615 1116 Splendida
636 1045 728 1118 plebs,
753 1047 918 1105 veneranda
939 1046 1075 1120 phalanx,

456 1128 579 1187 Condita
600 1130 718 1191 sedibus
741 1132 771 1189 in
793 1133 905 1205 superis

456 1214 594 1275 Omnibus
617 1221 646 1273 et
667 1224 840 1290 superaucta
861 1217 953 1289 bonis,

459 1299 605 1359 Laudibus
627 1302 728 1360 inclita
748 1303 906 1375 perpetuis.

384 1469 432 1531 16.
456 1470 555 1531 Prima
573 1471 719 1544 jerarchia
740 1479 854 1546 compta
875 1473 988 1533 thronis

458 1556 573 1615 Eminet
595 1556 710 1617 arcibus
732 1559 885 1630 aethereis,

454 1643 523 1701 Post
544 1643 699 1704 Cherubim
720 1644 926 1718 seraphimque
948 1646 1052 1722 choris,

458 1727 551 1786 Fatur
572 1733 604 1787 ut
626 1729 735 1789 eminus
757 1737 825 1789 aute
848 1731 916 1791 data

458 1812 649 1888 Hymnologia
669 1815 871 1891 hypophetico

386 1981 435 2041 17.
461 1983 558 2042 Virtus
579 1983 694 2056 abhinc,
718 1984 880 2044 dominatus
901 1985 985 2043 adest

458 2071 554 2142 Atque
575 2075 678 2143 potens
699 2085 782 2129 sacer
802 2069 874 2128 ordo
896 2071 969 2128 nitet

461 2155 570 2227 Hisque
589 2155 735 2227 jerarchia
756 2155 788 2214 tit
810 2156 915 2228 media,

458 2240 587 2313 Qualiter
608 2242 791 2314 omniparens
813 2241 877 2300 usia

460 2326 605 2399 Segregat,
629 2325 755 2400 ordinat,
778 2326 934 2399 imperitat.

388 2496 436 2558 18.
460 2496 570 2555 Ultima
592 2496 715 2570 denique
736 2495 916 2570 principibus

460 2583 568 2642 Pulcba
587 2582 733 2654 jerarchia
754 2581 876 2641 sidereis

460 2668 582 2727 Tradita
603 2669 739 2741 praeclue
761 2668 928 2741 theosophis

462 2753 597 2813 Goetihus
619 2755 723 2814 emicat
744 2753 901 2827 archigeris

462 2839 608 2912 Angelicis
630 2839 747 2899 radians
766 2840 873 2903 cuneis.

389 3010 440 3071 19.
462 3009 577 3068 Eminet
600 3009 645 3068 his
668 3024 720 3067 ceu
741 3009 784 3067 sol
807 3007 928 3066 rutilans

460 3095 664 3153 Arcbostratos
685 3093 811 3153 Michael
828 3094 955 3165 radians,

459 3179 593 3239 Vultibus
615 3186 682 3240 aute
704 3180 759 3238 Dei
782 3178 922 3246 residens,

464 3264 549 3324 Clare
571 3266 662 3324 Deum
685 3264 893 3336 Dominamque
915 3270 1008 3336 tuens,

459 3350 590 3409 Nominis
612 3367 662 3410 ore
684 3351 727 3408 sui
750 3350 885 3409 renitens.

387 3521 438 3582 20.
461 3520 539 3593 Ergo
561 3535 614 3593 per
635 3520 687 3579 hos
708 3519 873 3580 veneranda
895 3517 966 3576 fiunt

461 3605 548 3664 Jussa
571 3606 663 3679 patris
685 3606 859 3679 sophiaeque
881 3605 973 3678 patris

461 3692 624 3750 Pnenmatis
646 3697 676 3750 et
695 3692 779 3749 simul
801 3690 926 3762 almifici,

460 3777 541 3848 Quod
564 3777 733 3836 teletarchia
754 3776 832 3835 trina
853 3781 949 3834 manet

459 3861 642 3937 Simplexque
664 3878 768 3936 perpes
790 3862 853 3921 usia
875 3862 960 3934 viget,

389 4034 440 4092 21.
464 4033 561 4091 Virtus
582 4033 681 4092 herilis
705 4033 797 4092 amica
818 4032 890 4103 Deo,

461 4119 593 4179 Pondere
614 4118 707 4178 libera
727 4133 875 4193 corporeo,

459 4204 566 4276 Sophia
588 4204 704 4262 condita
725 4203 867 4276 principio

458 4290 498 4348 Et
520 4290 598 4347 nocis
618 4290 718 4365 inscia,
741 4304 814 4348 nexa
835 4289 906 4362 Deo,

462 4375 581 4433 Lumina
603 4375 700 4434 vivida
721 4375 843 4433 sidereo.
