2918 4868
642 293 877 360 ..198-

529 475 558 532 5.
581 471 695 547 lecton
718 472 782 545 lege

583 556 620 615 Et
645 557 780 630 detege,

630 642 684 716 Qui
706 643 781 716 regit
802 657 894 713 omne,

631 728 702 786 Dic:
725 727 810 800 Jube,
834 727 946 788 domne.

240 849 297 899 CM.
310 877 340 885 —
354 846 500 897 Aufschrift
516 846 582 896 fehlt
593 847 630 895 Μ.
648 872 682 882 -
703 843 725 906 l,
743 842 761 895 2
778 846 843 896 fehlt
855 846 891 895 M.
904 871 936 880 -
958 841 979 904 l,
998 841 1015 894 3
1032 845 1107 896 coelo
1124 844 1259 897 colerides
1275 850 1316 899 M.
1332 876 1367 884 —

171 917 199 982 2,
221 917 233 968 1
254 935 313 968 ecce
332 919 388 967 Deo
407 922 497 982 gentes
516 917 552 965 M.
570 942 601 948 -
622 914 696 965 Nach
713 911 743 975 4,
762 912 780 964 4
797 914 864 981 tolga
881 913 964 964 noch:
983 915 1165 980 Quapropter
1184 917 1244 981 regi
1266 934 1366 984 regum

172 988 357 1037 benedicamus
383 987 509 1043 Domino,
534 999 588 1034 was
612 983 804 1048 interpolation
828 986 869 1033 ist.
892 1009 925 1019 -
950 984 1001 1034 Dic
1026 985 1090 1033 zwei
1114 987 1202 1034 ersten
1220 984 1368 1052 Strophen

173 1056 261 1121 t'olgen
280 1058 308 1105 in
326 1056 347 1104 C
365 1053 433 1102 noch
451 1055 495 1102 ein
518 1054 623 1102 aweites
642 1052 697 1101 Mal
716 1052 759 1101 tol.
781 1048 850 1101 1861)
869 1054 917 1101 mit
935 1054 1146 1117 zweistimmiger
1163 1052 1287 1105 Melodie
1309 1056 1366 1107 und

173 1124 270 1173 wieder
294 1122 406 1171 mittier
424 1121 581 1171 Aniscinit’t:
605 1121 737 1184 Antiquae
757 1122 896 1184 episcopus
916 1121 1119 1179 Bonisentinus,
1143 1135 1198 1170 was
1216 1124 1368 1175 vielieicht

170 1193 252 1242 soviei
271 1193 329 1240 sein
352 1190 401 1239 soil
417 1190 456 1238 als
476 1191 683 1239 Beneventanus.

531 1442 555 1498 9.
592 1440 758 1498 mninctnn
777 1441 868 1498 sancti
887 1440 992 1511 iambi,

233 1571 403 1628 edcmno
425 1567 629 1640 Fuiberto,
654 1569 887 1628 Carnotensi
909 1570 1110 1644 episcopo,
1134 1569 1298 1634 editum.

171 1710 201 1768 1.
224 1709 258 1767 in
279 1707 334 1765 hac
357 1707 404 1764 die
784 1711 812 1765 4.
837 1706 979 1765 Zebedaei

265 1791 365 1850 landes
388 1808 452 1849 cum
465 1793 579 1870 'gaudio
879 1799 962 1850 natus
984 1792 1146 1850 carissimus

221 1877 328 1935 Demus
348 1878 448 1934 summi
838 1876 925 1950 Signa
947 1876 1016 1935 iecit

266 1962 384 2021 factoris
405 1962 474 2023 iilic.
880 1965 986 2021 mundo
1009 1964 1193 2029 clarissimus.

222 2048 338 2121 Jacobe,
362 2049 491 2121 apostole
836 2049 954 2122 Jacobs,
977 2051 1107 2124 apostole

264 2134 452 2206 sanctissime,
879 2136 1068 2210 sanctissime,

236 2219 296 2278 Nos
319 2237 336 2278 a
358 2220 441 2277 malis
463 2236 540 2291 (ame,
849 2218 909 2278 Nos
931 2239 949 2278 e
970 2221 1053 2280 inaiis
1075 2238 1151 2299 cnm,

267 2321 404 2377 pnssnne.
883 2322 1019 2378 piissima.

169 2445 199 2503 2.
222 2442 278 2499 Hic
300 2446 344 2498 est
366 2441 428 2498 dies
789 2446 817 2502 5.
841 2442 950 2515 Cascis,
975 2444 1085 2503 ciendis

267 2527 370 2584 ceteris
394 2526 516 2601 dignior,
880 2529 1009 2587 levamen
1032 2530 1142 2602 tribuit,

221 2612 299 2672 Orbe
322 2609 442 2684 fulgens,
837 2614 984 2671 Auxilium

266 2697 362 2756 multis
379 2697 527 2758 celebrior.
880 2699 1010 2758 omnibus
1032 2702 1174 2774 praebuit.

223 2782 341 2853 Jaccbe,
364 2783 493 2854 apostole
838 2784 957 2859 Jacobs,
980 2787 1110 2858 apostole

264 2868 452 2936 sanctissime,
878 2871 1066 2942 sanctissime,

233 2955 293 3012 Nos
316 2971 333 3012 a
355 2953 438 3011 maiis
460 2969 537 3025 eme,
837 2954 898 3013 Nos
920 2973 938 3015 a
957 2956 1040 3014 maiis
1063 2973 1141 3035 erne,

265 3055 402 3114 piissime.
881 3041 1017 3114 piissime.

169 3178 198 3236 8.
222 3178 284 3250 Qua
304 3174 430 3235 Jacobus
784 3180 812 3238 6.
837 3177 881 3235 De
902 3178 1002 3237 ultimo

264 3261 377 3320 scandit
399 3261 435 3319 ad
452 3261 577 3336 angelos,
880 3280 948 3338 argo
968 3265 1080 3336 jndicio

222 3346 382 3420 Splendens
405 3346 484 3404 coelo
835 3349 978 3408 Perdneat
999 3368 1051 3409 nos

263 3433 364 3506 pangit
385 3431 492 3490 Christi
514 3431 611 3491 melos.
880 3435 908 3492 in
931 3436 1004 3494 caeli
1026 3437 1107 3496 solio.

219 3517 337 3589 Jacobs,
360 3518 489 3589 apostole
844 3520 961 3599 Jacobs,
984 3524 1115 3596 apostole

263 3602 451 3673 sanctissime,
877 3607 1065 3680 sanctissime,

220 3688 280 3746 Nos
303 3705 320 3746 a
343 3687 424 3745 maiis
447 3705 524 3759 erne,
836 3689 896 3748 Nos
918 3709 936 3751 a
958 3693 1040 3751 maiis
1063 3711 1140 3767 eruc,

263 3773 401 3846 piissime.
877 3777 1014 3849 piissime.

578 3895 605 3954 7.
630 3896 743 3969 Lector,
766 3896 829 3970 iege

628 3981 668 4039 Et
690 3981 726 4039 de
749 3997 825 4056 rege,

673 4067 727 4140 Qui
750 4067 823 4140 regit
844 4085 937 4145 omne,

672 4152 742 4210 Dic:
766 4153 852 4230 Jubc,
876 4154 994 4216 Domne.

235 4266 292 4316 OM.
320 4291 352 4299 -
378 4266 409 4315 ln
437 4266 483 4315 iles
506 4267 663 4318 Ausschrist:
691 4285 708 4319 a
733 4270 829 4321 domno
855 4288 925 4338 papa
950 4273 1075 4324 Fuiberto
1102 4282 1149 4326 etc.
1173 4276 1210 4325 Μ.
1235 4304 1267 4312 —
1294 4279 1351 4331 Der

167 4335 288 4452 iiyffinilis
313 4334 384 4454 ktmu
412 4332 485 4383 nicht
508 4350 560 4384 von
583 4337 692 4387 Fuibert
715 4341 786 4402 sein,
811 4340 857 4390 der
881 4341 1060 4406 sweisiibigen
1085 4344 1250 4395 minnlichen
1269 4347 1349 4400 Reim

166 4417 210 4452 sne
277 4419 349 4454 ann.
