2918 4868
604 282 838 345 -126-

509 450 563 507 ltu.
598 448 637 507 llo
655 452 753 508 sancto
771 449 933 508 llustnehio.

637 571 680 625 Ad
698 571 812 626 Laudes.

140 694 167 754 1.
192 693 299 752 Divino
322 701 429 753 tactum
450 696 569 753 verbere
691 752 694 759 ,
754 698 782 758 3.
808 697 890 755 Solus
915 713 981 770 erpo
1004 696 1197 773 progreditur,

191 779 322 839 Christus
345 782 480 852 dignatur
502 782 594 840 visere
807 784 909 843 Custos
933 799 1063 856 agrorum
1087 783 1212 853 ponitur,

190 865 355 936 Ejulantem
377 866 562 925 Eustachium
806 870 833 926 Α
856 869 981 939 Trojano
1003 867 1160 941 reducitur,

189 949 229 1008 Et
251 950 406 1010 minantem
428 952 578 1011 excidium.
806 954 886 1013 Uxor
909 970 971 1011 cnm
994 953 1075 1026 prole
1097 953 1238 1012 redditur.

136 1054 169 1114 2.
193 1053 274 1113 Uxor
296 1071 313 1111 a
333 1059 410 1113 tectu
434 1055 560 1132 sordido,
752 1060 782 1119 4.
804 1058 874 1116 Post
896 1057 967 1115 haec
988 1072 1041 1128 pro
1063 1055 1169 1114 Christi
1191 1055 1305 1112 nominc

193 1139 292 1197 Proles
313 1158 331 1197 a
349 1156 446 1198 moran
469 1141 569 1199 rabido
630 1139 635 1151 '
804 1144 1004 1202 consummato
1026 1141 1180 1200 certamine

192 1223 301 1283 Christi
323 1232 456 1282 servatur
477 1243 602 1298 munere,
810 1227 915 1285 Bovem
939 1227 1080 1286 intrantes
1101 1242 1219 1285 aeneum

192 1309 243 1368 Cui
266 1311 412 1383 proprium
436 1319 479 1368 est
502 1329 633 1385 parcere.
806 1313 934 1386 Regnum
956 1314 1099 1371 scandunt
1119 1312 1292 1372 aethereum.

472 1420 500 1476 5.
523 1415 570 1474 Ad
593 1431 712 1488 quorum
736 1432 787 1473 uos
811 1416 983 1473 consortium

521 1502 591 1560 Post
613 1500 696 1573 hujus
718 1501 794 1559 vitae
815 1501 939 1558 stadium

521 1586 624 1658 Ducat,
645 1586 693 1659 qui
715 1587 789 1660 regit
811 1587 921 1657 omuiu3

525 1671 639 1731 Christo
661 1672 751 1730 honor
773 1677 802 1729 et
823 1673 923 1746 gloria.

205 1787 282 1837 Brcv.
301 1790 447 1840 Romanurn
466 1791 528 1855 imp.
549 1786 622 1840 15**.
642 1815 672 1827 -
688 1788 712 1850 5,
732 1788 749 1840 4
767 1790 887 1842 Christus
906 1790 996 1840 honor.

448 1971 502 2030 196.
534 1973 573 2030 llo
591 1989 627 2030 aa.
645 1972 773 2030 Facundo
791 1974 820 2029 ot
838 1971 994 2030 Primii-ivo.

625 2095 668 2149 Ad
687 2095 826 2164 Vesperns.

387 2222 414 2281 1.
440 2221 544 2294 Pange,
568 2220 721 2279 Gallaecae
743 2219 854 2292 patriae
876 2237 1012 2294 propago,

437 2307 599 2379 Martyrum
622 2304 716 2364 lausto
738 2306 854 2364 radians
871 2322 979 2380 cruore,

435 2393 517 2465 Quod
540 2392 607 2465 polo
629 2391 771 2464 quondam
795 2392 916 2449 dederas
938 2399 1103 2464 peremptos

480 2477 601 2535 Nomine
623 2477 739 2537 Christi.

386 2583 412 2640 2.
438 2580 507 2639 Cum
530 2597 633 2638 novum
656 2580 750 2637 lumen
772 2579 883 2652 genitus
906 2579 1022 2652 superui

439 2665 570 2724 Mitteret
592 2665 706 2736 mund0,
731 2665 809 2737 capis
831 2665 908 2722 inter
929 2681 1028 2723 omnes

440 2751 536 2809 Prima
558 2750 740 2824 baptismum,
764 2750 832 2808 fidei
856 2750 983 2823 loquelas

481 2837 538 2896 Ore
559 2836 671 2897 Jacohi.

386 2941 415 2999 3.
440 2939 533 3010 Hujus
555 2939 592 2997 ad
617 2938 760 2996 Christum
785 2938 977 3011 comitansque
1000 2939 1084 2996 turha

440 3024 532 3082 Vertit
556 3025 709 3096 Hispanos,
734 3024 875 3081 tumulans
899 3024 1026 3095 magistri

439 3110 572 3168 Membra
594 3108 731 3168 Callacco
754 3110 879 3166 renitent
901 3109 1006 3166 ibidem

482 3197 604 3255 Pulvere
626 3193 715 3253 miris.

387 3303 415 3358 4.
441 3299 526 3360 Unde
549 3304 615 3356 suut
636 3297 692 3355 orti
716 3296 780 3370 duo,
804 3298 969 3355 Primitivus

439 3387 533 3456 Atque
558 3382 720 3452 Facundus,
744 3383 895 3441 Dominum
920 3383 1053 3458 colentes,

437 3473 511 3540 (tuos
536 3469 591 3526 diis
607 3469 694 3541 jussit
717 3466 779 3526 fera
800 3485 868 3543 gens
893 3469 1025 3526 honorem

484 3554 617 3613 Reddere
639 3554 729 3615 vanis.

386 3663 414 3718 5.
437 3657 552 3715 Atticus
574 3663 688 3714 sanctos
710 3656 813 3714 misere
835 3656 968 3730 revinxit,

438 3743 485 3800 Sic
508 3749 659 3816 negaturos
681 3742 834 3800 Dominum
856 3741 985 3814 putabat,

439 3827 550 3886 Fantur
572 3828 601 3885 hi
625 3827 768 3885 Christum
791 3828 885 3885 colere
907 3835 933 3884 ct
956 3824 1094 3899 profanos

481 3914 620 3971 Temncrc
644 3913 733 3972 divos.

386 4019 414 4077 6.
439 4016 499 4074 Nos
521 4017 612 4074 Deum
635 4032 734 4073 verum
756 4015 908 4074 Dominum
931 4015 1066 4088 colentes,

441 4103 605 4175 simplicem
629 4102 734 4159 trinum
758 4117 925 4160 veneremur
945 4100 1034 4176 illum,

437 4189 490 4260 Qui
513 4195 605 4261 pater,
629 4195 712 4245 natus
735 4187 915 4260 rogitatque
938 4193 1053 4244 sanctus

478 4274 602 4346 Spiritus
624 4279 711 4332 astra.

205 4391 281 4441 Brev.
301 4392 427 4443 Auriense
447 4394 509 4457 imp.
528 4392 707 4442 salmanticae
727 4388 800 4442 1501.
821 4418 850 4426 -
872 4389 894 4450 l,
914 4387 927 4440 l
945 4387 1105 4441 Callaeciae.
