2918 4868
626 290 858 353 -206-

163 467 191 524 3.
216 464 353 522 Claritate
375 464 542 536 perlustrati
772 469 800 523 5.
824 464 985 523 Salutarem
1006 461 1042 521 ab
1066 463 1179 520 excelso

253 555 317 621 pest
340 548 511 622 baptismum
535 548 631 619 nimia,
868 549 1021 622 delegastis
1045 550 1185 621 angelum,

210 633 384 692 Confitentes
407 635 515 696 Christi
539 648 641 692 nomen
825 636 932 694 Praeeo
953 651 1037 708 quarn
1062 633 1186 692 ostendit
1208 633 1335 693 tumbam

250 724 311 778 tota
333 737 396 778 cum
418 719 533 792 fiducia,
866 719 1004 778 fratribus
1028 726 1057 776 et
1079 720 1201 788 titulum,

207 804 254 862 Ab
277 805 382 878 iniquis
404 807 434 864 in
454 805 605 864 obseumm
822 807 883 876 Quo
906 807 1020 878 purgati
1044 814 1207 863 mereantur

250 893 336 949 mersi
359 899 423 949 sunt
446 889 618 949 in'eenrlium.
866 891 971 948 babere
993 891 1160 948 remedium.

153 994 183 1055 4.
206 993 229 1052 0
253 991 329 1052 beati
349 1009 429 1065 ¹uerte,
452 993 560 1055 Christi
769 997 797 1055 6.
821 994 887 1054 Jam
911 993 986 1051 cives
1008 994 1045 1052 ad
1070 1001 1149 1052 astra
1171 994 1230 1066 poli

249 1079 369 1151 pretiosi
390 1087 543 1154 martyres,
864 1080 1037 1152 pervolastis
1059 1094 1154 1150 aurea,

202 1164 254 1234 Qui
278 1164 393 1236 probati
417 1165 493 1223 velut
515 1180 616 1223 aurum
822 1165 880 1226 Ubi
903 1164 1028 1223 coelibes
1051 1163 1154 1236 effecti,

246 1256 312 1320 post
334 1250 431 1308 datam
450 1251 621 1308 sententiam
862 1251 1039 1323 postulamus
1055 1248 1173 1319 affatim,

205 1334 348 1392 Passionis
370 1343 481 1407 partem
504 1335 593 1392 vestri
822 1336 882 1395 Nos
906 1344 937 1394 ut
958 1335 1027 1393 illuc
1049 1336 1133 1393 simul
1156 1334 1258 1393 vestris

248 1419 392 1477 meruistis
415 1420 539 1480 Domini.
864 1421 1020 1480 sublevetis
1042 1420 1186 1494 precibus.

511 1525 537 1583 7.
562 1523 663 1583 Gloria
685 1532 712 1582 et
737 1525 827 1584 bonor
848 1525 922 1585 Dee.

221 1641 295 1690 Brev.
314 1641 427 1691 Viceuse
445 1642 507 1707 imp.
527 1641 650 1709 Lugduni
670 1640 742 1693 1557.

472 1910 532 1968 359.
572 1911 610 1969 lle
629 1926 666 1968 ss.
684 1909 805 1968 buriano
825 1915 852 1967 et
871 1910 1020 1968 Macriano.

656 2033 700 2088 Ad
718 2033 890 2088 Nocturnum.

405 2158 432 2220 1.
456 2158 565 2231 thuid
587 2159 616 2218 in
640 2159 794 2231 Christum,
814 2160 975 2217 truculente
998 2173 1117 2231 nequam

452 2243 567 2315 Sabine,
592 2243 663 2303 iuris
687 2246 773 2304 dente
795 2250 943 2303 cruentato

451 2329 525 2388 Nam
549 2337 597 2389 tua
619 2331 663 2390 ira
684 2331 825 2403 noxiaque
847 2347 939 2402 poena

496 2415 603 2473 Premit
625 2416 762 2477 insontes.

402 2520 431 2577 2.
455 2518 614 2592 Adpellcns
638 2519 737 2577 Vicum
761 2519 903 2577 Lucienus
924 2535 1041 2591 magnus

450 2603 489 2661 Et
513 2603 676 2662 Marcianus
698 2603 756 2661 fide
779 2604 947 2679 confirmati,

451 2688 483 2745 ln
506 2689 571 2761 igne
593 2688 672 2747 missi
695 2690 779 2747 simul
801 2695 864 2747 sunt
888 2689 1027 2748 combusti

492 2775 533 2831 Te
559 2774 713 2836 saeviente.

398 2878 427 2935 3.
451 2877 489 2935 Hi
513 2877 705 2950 relinquentes
728 2877 873 2950 publicum
897 2894 1022 2935 errorem

451 2962 595 3021 Christum
618 2969 775 3036 sequuntur
797 2962 875 3021 nullo
898 2963 1031 3021 deviante

449 3048 604 3129 Menteque
626 3065 700 3121 pura
722 3048 794 3106 mori
816 3049 962 3120 cupientes

491 3134 620 3207 Corpora
640 3141 752 3207 parent.

396 3236 426 3296 4.
450 3235 520 3294 Cum
544 3236 704 3308 retorqueri
726 3235 834 3294 nollent
856 3253 874 3295 a
896 3244 924 3294 te
947 3236 994 3294 isti

450 3321 547 3380 Sancti
570 3321 694 3396 sodales,
717 3321 852 3393 praemiis
874 3323 985 3395 negatis

451 3407 507 3464 Sed
531 3412 596 3464 sunt
618 3412 761 3465 tormenta
783 3412 841 3479 tua,
863 3424 935 3480 quae
959 3407 1002 3463 bis
1026 3406 1124 3477 donas,

492 3492 699 3565 Despieientes.

396 3600 423 3654 5.
448 3596 579 3654 Omnium
603 3612 697 3653 rerum
721 3595 859 3668 principis
880 3595 985 3653 ardore

448 3683 569 3753 Jamque
592 3681 755 3754 relinquunt
778 3681 922 3739 bominum
946 3688 1075 3739 naturam

451 3766 567 3838 ipsique
590 3767 704 3826 Christo
726 3766 836 3825 animas
859 3767 1059 3825 commendant

487 3853 553 3911 Jam
575 3852 727 3915 inhiantes.

395 3956 424 4014 6.
448 3954 575 4013 Gloriam
600 3962 747 4028 praestant
769 3972 878 4014 summo
901 3955 1043 4012 conditori

447 4040 574 4113 Ejusqne
596 4049 662 4100 nato
686 4039 848 4114 flaminique
871 4046 979 4116 saneto,

447 4125 528 4185 Unus
551 4127 599 4199 qni
622 4127 713 4184 trinus
736 4127 831 4185 omnia
854 4125 906 4183 sub
930 4132 1008 4183 certo

489 4211 561 4270 Fine
584 4212 733 4286 gubernat.

217 4330 290 4378 Brev.
305 4329 417 4378 Vieense
435 4330 496 4395 imp.
510 4330 632 4395 Lugduni
654 4328 726 4380 1557.
748 4357 777 4364 -—
800 4329 820 4390 l,
839 4326 855 4379 2
873 4335 988 4380 currente.
1013 4358 1036 4364 --
1062 4329 1082 4386 l,
1101 4328 1117 4381 3
1136 4332 1216 4379 rrarxia
1233 4345 1325 4394 poena.

146 4423 177 4433 -
197 4395 221 4458 4,
239 4394 255 4446 2
273 4398 399 4463 praemiis
417 4403 495 4465 atque
513 4401 621 4449 necatis.
