2918 4868
633 270 781 334 -226
826 304 867 315 -

522 447 549 505 7.
574 447 682 520 Ηο1ο1,
705 444 801 517 decus,
825 445 976 517 imperium

572 530 617 589 Sit
638 529 761 589 trinitati
783 530 893 602 unicae,

573 615 664 688 Patri,
686 622 762 689 nato,
786 616 927 689 paraclito

574 702 631 760 Per
652 700 765 761 infinita
788 701 912 763 saecula.

231 837 307 886 Brev.
335 853 382 885 ms.
406 837 551 888 Illerdense
577 852 645 886 saec
678 833 717 886 14.
747 836 811 887 (lod.
836 835 921 901 Capit.
948 835 1070 885 Illerden.
1097 832 1136 884 12.
1159 837 1189 885 Α.
1215 861 1247 869 -
1270 835 1347 885 Brev-

163 904 306 955 lllerdense
330 907 393 955 armi
414 903 488 955 1451.
512 907 575 956 Cod.
594 907 681 970 Capit.
698 904 822 955 Illerden.
840 920 861 955 1.
879 920 905 953 1.
924 904 955 954 Β.
974 933 1000 939 -
1027 904 1102 953 11111.
1121 903 1265 954 Illordcnse
1283 905 1346 968 imp.

163 972 276 1023 lllerdas
300 971 373 1023 1479.
392 973 420 1023 C.
439 1002 473 1009 -
491 976 566 1024 Bran.
583 973 727 1025 lllerdsnse
748 975 810 1039 imp.
834 987 873 1023 ea.
895 967 968 1023 1533.
989 973 1021 1022 1).
1039 1000 1073 1009 -
1090 969 1118 1034 4,
1143 970 1161 1022 4
1179 973 1347 1023 Submersarn

163 1056 232 1092 anne
250 1043 280 1093 C.
297 1068 331 1078 -
349 1039 373 1102 5,
391 1040 409 1093 4
426 1044 529 1093 Muneri
548 1042 669 1094 Christus
688 1041 716 1094 O.

565 1273 624 1333 rot.
660 1275 816 1333 11111111
834 1272 951 1331 Martha

167 1418 195 1478 1.
219 1417 281 1476 Rex
304 1418 447 1475 coelomm
470 1425 500 1476 et
522 1424 665 1478 terrarum
781 1420 811 1479 4.
834 1416 971 1476 visitavit
992 1423 1021 1474 11
1044 1415 1141 1475 beavit

261 1502 446 1562 Descendens
469 1505 506 1562 ad
529 1501 632 1575 infera,
878 1503 962 1561 Hane
985 1502 1044 1560 suis
1066 1499 1216 1574 funebriis,

218 1587 323 1646 Terras
345 1593 455 1662 tenens,
487 1607 543 1648 non
566 1589 729 1663 relinquens
835 1588 918 1663 Veni,
939 1603 1003 1646 mea
1024 1604 1041 1645 o
1065 1587 1180 1658 dilecta,

261 1673 447 1748 Olymporum
469 1691 583 1747 supera,
879 1673 966 1733 Vivas
988 1673 1047 1746 poli
1069 1673 1191 1746 gaudiis.

168 1811 196 1871 2.
220 1808 327 1868 Factus
352 1809 436 1869 homo
458 1811 592 1870 Marthae
614 1811 699 1871 domo
783 1816 812 1872 5.
834 1812 912 1884 Quae
934 1809 1036 1868 cibasti
1059 1816 1087 1867 et
1109 1811 1214 1883 potasti

265 1896 399 1969 Suscepit
421 1896 556 1972 hospitia,
878 1895 940 1954 Tuo
960 1912 1005 1953 me
1026 1895 1159 1970 hospitio,

221 1981 277 2039 Pro
300 1997 398 2040 amore
419 1981 553 2040 Marthae
575 1999 672 2057 regum
838 1981 981 2041 coronata
1002 1987 1032 2038 et
1051 1988 1154 2040 ornata

266 2066 421 2125 Dimittens
442 2067 561 2141 palatia.
878 2067 945 2126 Meo
966 2065 1006 2124 sis
1027 2066 1144 2140 palatio.

168 2206 196 2264 3.
220 2201 313 2274 Hujus
336 2219 458 2276 namque
479 2204 528 2277 pia
549 2221 636 2278 prece
785 2207 814 2265 6.
837 2204 916 2277 Ergo
938 2203 1056 2263 Martha
1077 2201 1168 2276 fulget
1188 2202 1265 2262 lacta

265 2287 332 2346 Pius
354 2289 457 2363 hospes
480 2289 620 2349 Lazamm
880 2289 914 2347 ln
937 2293 1056 2347 aeterna
1076 2288 1177 2362 gloria,

106 2379 108 2383 ’
221 2371 386 2446 Suscitavit,
408 2375 545 2448 spoliavit
838 2376 897 2446 Qua
917 2375 1058 2450 J'uvemur,
1082 2380 1115 2431 ut
1136 2374 1279 2434 salvemur

263 2458 309 2517 De
330 2460 425 2519 anima
447 2460 623 2522 barathrum.
882 2460 915 2518 ln
939 2459 1055 2534 Olympi
1075 2459 1179 2532 patria.

238 2574 316 2626 Brev.
334 2577 510 2629 Tirasonsnse
529 2580 591 2644 imp·
609 2579 729 2630 Venetiia
749 2574 824 2628 1497.

570 2811 634 2869 112.
671 2812 712 2870 be
731 2813 831 2869 sancto
849 2813 956 2869 Mauro.

626 2952 657 3005 ln
671 2951 752 3021 Vesp.
770 2957 797 3006 et
814 2951 891 3006 Noct

173 3091 201 3151 1.
224 3091 344 3164 Plaude,
368 3091 453 3151 turha
476 3093 662 3173 terrestrium,
793 3097 823 3158 8.
845 3094 973 3154 Abbatis
996 3090 1168 3151 venerabihs

225 3177 267 3235 Te
290 3177 417 3251 dirigens
440 3178 470 3235 iu
492 3178 614 3252 gratiam
843 3178 993 3239 Benedicti
1015 3178 1174 3250 discipulus

227 3262 422 3335 Supemomm
444 3264 611 3323 laetantium
841 3266 919 3336 Fuit,
941 3264 998 3323 sibi
1019 3263 1160 3329 amabilis,

225 3348 273 3407 Ad
297 3349 389 3408 sancti
410 3349 505 3408 Mauri
531 3350 660 3423 gloriam.
841 3350 1014 3410 Deserviens
1037 3358 1069 3407 ut
1092 3346 1226 3407 famulus.

173 3488 203 3547 2.
225 3485 259 3544 In
281 3485 336 3543 hac
358 3485 433 3543 valle
453 3486 634 3559 languedinis
789 3490 818 3549 4.
842 3488 927 3549 Orbis
949 3488 1033 3560 hujm
1055 3484 1200 3545 illecebris

226 3569 328 3630 Carnis
351 3576 497 3629 contectus
520 3573 610 3645 pallio
841 3573 1019 3646 Contemptis
1042 3573 1120 3632 velut
1142 3576 1269 3628 stercore

227 3655 361 3715 Semitam
385 3656 566 3715 rectitudinis
843 3659 1028 3720 thuversatio
1050 3655 1173 3716 celebris

227 3741 316 3800 Novit
337 3741 450 3813 abjecto
472 3742 552 3802 vitio.
842 3747 967 3805 Lucmm
990 3743 1057 3802 tulit
1078 3759 1142 3801 enm
1165 3738 1290 3799 foenore.

532 3867 560 3922 5.
584 3863 628 3921 Tu
651 3864 700 3936 qui
722 3864 864 3938 gubernas
887 3864 1009 3942 saecula,

586 3948 691 4007 Tribus
713 3949 791 4009 Deus
812 3957 842 4008 et
863 3950 973 4026 unicus,

587 4035 657 4108 Fae,
680 4040 713 4094 nt
733 4040 825 4095 status
847 4051 900 4109 per
921 4035 1036 4095 saecula

584 4119 675 4179 Nobis
699 4120 821 4180 donetur
842 4121 974 4182 coelicus.

244 4245 320 4292 Brev.
339 4259 388 4294 ms.
407 4243 433 4294 S.
453 4246 590 4296 Benedicti
608 4248 795 4299 vallisoletani
814 4245 937 4298 111114.
956 4248 1019 4298 (lod.
1033 4248 1178 4300 Scorialen.
1199 4252 1221 4300 P
1239 4251 1265 4300 11
1285 4247 1307 4299 1.
1322 4275 1351 4283 —

176 4313 231 4362 Der
252 4311 339 4360 rsiehe
368 4313 443 4363 Reim
468 4315 496 4362 in
520 4312 550 4376 5,
584 4313 596 4365 l
621 4316 673 4366 und
698 4314 715 4367 3
741 4318 778 4367 ist
801 4316 868 4366 nach
892 4318 943 4366 den
965 4317 1093 4369 Gesetnen
1116 4317 1354 4370 mittelalterlieher

174 4379 273 4429 Metrik
291 4380 366 4430 nicht
383 4380 527 4447 1111111111,
546 4383 581 4434 da
599 4385 705 4436 saecula
722 4381 746 4449 5,
768 4382 780 4435 1
799 4385 880 4446 Walt,
899 4381 922 4448 5,
941 4381 958 4436 3
976 4385 1033 4436 Zsit
1054 4384 1184 4437 bedeutst.
