2918 4868
619 253 827 320 ..26-

304 436 345 486 Ad
362 432 522 500 Magnificat-

133 545 169 605 A.
193 540 409 618 Magnificemus
430 537 584 596 Dominum

237 630 270 687 ln
295 625 405 684 cantico
429 623 556 696 virginis,

193 717 270 786 Quae
293 710 449 769 eructando
472 707 563 765 edidit

236 797 333 857 Verba
354 800 465 854 secreta
487 793 615 865 spiritus.

258 1021 313 1081 Ad
335 1019 575 1079 Matutiuum.

317 1156 512 1206 Invitatorium.

194 1277 393 1338 Celebrantem
416 1274 554 1351 mysteria

195 1364 341 1424 Christum
364 1362 509 1435 regentia
532 1366 622 1435 utero,

239 1449 342 1508 Venite
363 1449 524 1506 adoremus.

251 1689 291 1746 In
317 1688 344 1748 1.
367 1686 573 1747 Nocturna.

330 1821 506 1887 antiphonae.

138 1947 165 2007 t.
196 1945 317 2003 Domine
338 1943 477 2002 Dominus
499 1948 605 2012 noster,

197 2032 286 2102 Quam
308 2028 487 2089 admirabilis
510 2044 550 2099 os,

196 2114 347 2176 Perfooisti
370 2115 470 2174 laudes
492 2120 614 2172 matrum

197 2206 292 2275 Atque
313 2199 474 2262 infantium.

139 2342 169 2400 2.
200 2338 279 2398 Coeli
302 2337 427 2397 inientes
450 2337 569 2396 coelitus

198 2426 344 2484 Enarrant
364 2424 483 2496 gloriam
506 2422 561 2481 Dei

199 2510 239 2568 Et
260 2525 348 2583 opera
370 2525 503 2567 manuum
526 2509 597 2579 ejus.

136 2649 167 2707 3.
196 2645 248 2703 lsti
271 2652 338 2703 sunt
359 2645 504 2716 generatio

111 2767 112 2770 =
197 2729 399 2803 Quaerendum
422 2729 574 2788 Dominum

196 2815 231 2873 ln
253 2817 316 2873 loeo
337 2823 436 2873 sancto
457 2816 527 2886 ejus.

325 3001 512 3065 Responsorin„

139 3125 167 3185 1.
190 3124 213 3184 0
236 3121 306 3181 ielix
328 3120 425 3181 inians
447 3123 560 3182 intuens

201 3209 318 3267 Secreta
340 3208 448 3270 Christi
471 3210 596 3283 prodita,

198 3297 305 3356 Ventre
328 3295 474 3354 exsultans
496 3296 625 3368 protinus

198 3381 364 3453 Apprendit
385 3398 451 3439 mox
472 3398 503 3439 se
525 3382 640 3453 iutime;

137 3464 172 3524 V.
195 3465 234 3523 Et
256 3482 308 3522 nos
331 3466 456 3525 illustret
478 3467 625 3539 Dominus,

198 3547 290 3624 Quem
312 3551 485 3623 agnoscebat
506 3553 651 3625 paruulus.

141 3689 169 3747 2.
201 3684 390 3759 Saporiniusu
412 3688 504 3761 gratia

198 3772 329 3832 Membra
352 3773 472 3845 replevit
494 3774 599 3846 gaudio

201 3858 341 3916 Conclusa
365 3866 463 3918 ventre
485 3861 577 3918 sterili

200 3943 238 4002 Et
261 3942 300 4001 ad
322 3943 502 4004 clamandum
522 3946 634 4018 impulit

199 4031 330 4102 Ipsorum
353 4045 465 4089 sensum
488 4032 625 4107 sterilem,

198 4117 276 4188 Quae
299 4130 364 4172 tuos
387 4116 488 4176 effecta
510 4118 637 4175 cernitur

197 4200 344 4272 Propheta
365 4203 456 4262 saneti
479 4204 607 4277 spiritus,

139 4287 173 4350 V.
196 4288 230 4345 ln
253 4302 309 4359 quo
330 4291 483 4348 clamemus
506 4290 619 4347 exsules

197 4371 323 4430 Firmani
345 4375 402 4435 fido
424 4376 539 4436 sterilis.

748 430 777 488 3.
809 425 912 495 Maria,
936 427 1027 480 mater
1049 418 1174 496 Domini,

807 510 881 584 Quid
904 506 1048 566 sentiebas
1070 505 1184 587 saisita,

806 596 926 671 Quando
948 593 1041 666 imago
1063 607 1212 663 corporum

808 683 902 741 Tanta
923 678 1066 752 expressit
1088 676 1193 734 clarius

810 770 926 843 vocum,
947 770 1044 838 gestus
1066 767 1096 819 et
1116 767 1232 819 actuum

807 850 932 911 Mirifice
953 845 1117 922 signatum?

749 941 783 1002 V.
807 936 959 1010 Colligam,
982 934 1030 1008 qai
1053 930 1260 1007 praenoverint

809 1021 937 1082 Effectus
959 1020 1050 1081 saneti
1073 1017 1200 1092 spiritus.

868 1195 907 1252 ln
932 1194 961 1252 2.
982 1190 1194 1249 Nocturna.

945 1307 1119 1373 antiphonae.

751 1419 778 1479 1.
807 1413 959 1474 Eructavit
980 1413 1061 1485 virgo
1084 1418 1175 1468 mater

809 1500 935 1559 Verbum
959 1498 1062 1556 bonum
1086 1493 1300 1570 prophetando,

807 1587 845 1646 Se
867 1583 1030 1659 praedicari
1051 1581 1173 1640 beatmu.

750 1695 779 1754 2.
810 1689 911 1747 Venite
934 1693 961 1745 et
985 1685 1090 1757 videte,

810 1779 899 1849 Quam
923 1788 1026 1846 magna
1047 1770 1105 1828 sint
1127 1784 1224 1841 opera,

809 1863 888 1934 Quae
910 1858 979 1916 iecit
1000 1857 1076 1915 Deus
1098 1853 1221 1913 feminis.

751 1970 780 2029 3.
808 1962 957 2022 llabitatio
979 1966 1023 2017 est
1045 1959 1141 2016 insons

810 2051 844 2108 lu
867 2056 905 2119 te,
928 2046 1009 2119 virgo
1031 2044 1118 2117 regia,

812 2137 983 2196 Sanctorum
1006 2128 1183 2189 laetantium.

940 2264 1124 2330 Respousoria.

753 2377 780 2435 1.
810 2374 964 2446 Oquauta
985 2375 1052 2428 suut
1073 2367 1212 2427 miracula

811 2458 970 2533 Absconsa‚
993 2471 1066 2528 quae
1092 2454 1227 2512 deliciae!

813 2542 942 2602 Luoebat
963 2542 1012 2600 lux
1035 2538 1186 2607 infantulo,

812 2631 890 2701 Quae
911 2625 989 2686 inira
1011 2626 1138 2684 membra
1159 2624 1274 2702 tegitur,

812 2715 882 2773 Cum
906 2719 969 2772 arte
987 2710 1114 2771 formans
1136 2711 1280 2784 spiritum,

812 2801 891 2871 Quae
913 2804 979 2856 sunt
1001 2798 1143 2870 producta
1165 2803 1304 2868 tempore.

754 2888 787 2949 V.
811 2889 880 2959 lpsa
901 2901 953 2942 nos
976 2880 1080 2941 formet
1100 2881 1209 2955 intime,

812 2972 891 3042 Quae
916 2970 1027 3028 dulcem
1050 2974 1162 3042 gustum
1185 2966 1291 3026 radiat.

752 3077 780 3138 2.
812 3074 843 3133 Si
865 3073 960 3130 lumen
985 3069 1090 3142 defers,
1114 3070 1245 3143 protinus

813 3158 979 3218 Claresoent
1002 3156 1098 3214 cordis
1120 3155 1221 3213 intima

812 3245 851 3302 Et
872 3245 909 3302 ad
933 3242 1096 3313 videndum,
1120 3240 1238 3298 coelitus

811 3330 890 3400 Quae
909 3326 1099 3386 dulcorabant
1120 3327 1232 3385 viscera

810 3416 937 3474 Matrem
960 3413 1062 3470 levatis
1086 3411 1237 3489 mentibus,

813 3500 913 3559 Nostri
933 3504 1098 3571 stupescent
1120 3498 1204 3557 oculi.

755 3587 789 3646 V.
811 3586 903 3645 Deum
926 3601 1058 3658 rogamus
1080 3582 1186 3655 sobrio,

812 3671 925 3731 Sontire
946 3668 1020 3728 testa
1040 3668 1149 3732 inclita.

753 3779 781 3839 3.
812 3774 882 3833 Jesu
906 3779 997 3831 mater
1020 3772 1193 3846 depascitur,

812 3860 950 3919 Fructum
972 3859 1074 3917 salutis
1098 3856 1240 3925 deterens,

809 3946 870 4017 Quo
893 3944 970 4003 Deus
993 3943 1069 4002 cibat
1092 3943 1242 4019 granditer

812 4032 937 4090 Matrem
960 4030 1119 4104 prophetae
1141 4028 1269 4103 coelitus,

815 4118 867 4187 Qui
891 4117 977 4189 gestit
999 4117 1095 4189 aruplo
1117 4113 1221 4189 spiritu

813 4201 851 4260 Et
874 4203 903 4259 iu
926 4208 1056 4259 materno
1079 4207 1168 4260 utero.

754 4289 788 4350 V.
811 4289 894 4346 ltocti
916 4304 1060 4345 sumamus
1082 4286 1225 4359 spiritum,

806 4374 860 4447 Qui
882 4381 992 4431 rectum
1015 4370 1084 4431 iacit
1107 4373 1241 4433 animum.
