2918 4868
610 303 844 370 -131-

469 506 532 565 204.
567 507 599 564 ln
618 507 814 566 lrnnslationc
833 525 855 566 s.
873 508 982 569 llclicis.

638 645 681 701 Ad
700 645 815 703 Laudes.

139 790 168 850 1.
192 791 225 847 ln
247 789 361 847 laudem
383 789 485 846 summi
507 787 647 861 principis
752 791 781 852 8.
804 789 987 849 Proximatur
1009 792 1148 865 discipulo

193 875 346 934 Cantemus
368 880 468 932 sancto
487 873 579 932 Felici
805 875 966 934 Aemiliano
989 878 1110 950 cucullo,

190 959 322 1020 Jucunda
344 959 423 1017 vocis
441 959 568 1017 carmina
804 963 930 1033 Quorum
951 967 1051 1021 sancta
1072 961 1207 1037 suffragiu

192 1045 248 1102 Pro
271 1045 331 1117 ejns
354 1061 464 1103 summu
485 1044 584 1119 gloria.
807 1046 980 1106 Corruscant
1002 1048 1031 1106 in
1054 1048 1204 1122 Hispania

139 1185 169 1243 2.
193 1181 277 1240 Felix
299 1181 328 1239 in
351 1198 422 1255 rupe
444 1182 592 1258 terminus,
753 1185 782 1243 4.
806 1182 904 1242 Sancti
926 1184 981 1242 viri
1003 1185 1167 1257 precamine

191 1267 225 1325 ln
247 1283 302 1340 quo
325 1266 455 1339 permisit
478 1268 615 1327 Dominus
806 1268 907 1327 Noctis
929 1270 1023 1328 medio
1045 1275 1174 1344 temporo

191 1352 272 1411 Sacri
295 1353 338 1410 sui
361 1351 533 1411 confessoris
805 1355 981 1413 Adolescens
1001 1355 1150 1428 liberatur,

189 1438 304 1497 Laudes
327 1439 512 1511 resplendere
535 1440 603 1501 orie.
803 1439 886 1499 Salus
910 1440 1002 1514 prima
1024 1447 1213 1506 restauratur.

507 1544 535 1602 5.
559 1543 616 1602 Per
638 1542 699 1615 ejus
721 1557 803 1600 sacra
822 1543 933 1604 merita.

203 1656 312 1725 Espafia
329 1659 443 1725 sagrada
460 1659 585 1723 XXXIII,
603 1656 655 1711 464
672 1676 704 1710 ex
721 1661 798 1711 Brev.
816 1659 842 1710 S.
861 1661 1003 1713 Aemiliani
1021 1663 1161 1715 cucullati.

514 1911 576 1969 205.
611 1910 650 1968 lle
668 1912 763 1968 sancto
781 1910 932 1970 llcrmsric.

640 2050 670 2103 ln
688 2049 711 2104 1.
732 2049 811 2120 Vesp.

136 2193 164 2252 1.
189 2192 702 2267 Hymnumnovaelaetitiae
755 2196 784 2254 3.
806 2193 1028 2252 Doctrinam
1050 2194 1314 2267 evangelicam

188 2278 273 2337 Dulci
293 2280 461 2352 productum
485 2279 596 2338 cantico
807 2279 951 2352 Spargere
974 2294 1027 2352 per
1045 2278 1124 2337 orbis
1147 2279 1302 2354 cardinem,

187 2364 293 2423 Noster
314 2366 425 2423 intonet
446 2365 532 2423 hodie
807 2366 920 2424 Pestem
943 2362 1024 2438 fugat
1045 2363 1208 2437 gentilicum

189 2450 299 2510 Chorus
320 2458 418 2509 sancto
441 2450 599 2509 Formerio.
806 2450 918 2509 Novum
940 2449 1102 2523 producens
1124 2450 1263 2511 ordinem.

135 2589 163 2647 2.
187 2587 699 2662 vergentemundivespere
751 2583 1315 2648 4.Hicestfcnsillcmodicus

190 2673 301 2732 Novum
323 2674 402 2732 sidus
426 2673 546 2748 erigitur
802 2672 940 2732 Crescens
969 2672 998 2730 in
1021 2669 1124 2729 flumen
1147 2672 1312 2745 maximum,

190 2758 229 2817 Et
252 2758 347 2817 clauso
370 2761 472 2832 culpae
495 2775 610 2817 carcere
804 2758 857 2829 Qui
879 2758 984 2816 mundo
1004 2758 1064 2830 jam
1088 2756 1224 2816 mirificus

190 2845 299 2904 Praeco
321 2845 421 2903 salutis
444 2845 575 2904 mittitur.
804 2846 906 2904 Potum
929 2843 1051 2917 largitur
1071 2843 1220 2916 optimum.

468 2967 497 3025 5.
521 2964 637 3023 Trino
660 2964 736 3022 Deo
758 2970 794 3021 et
816 2963 989 3036 simplici

520 3049 607 3126 Laus,
630 3049 730 3122 honor,
753 3049 845 3109 virtus
868 3048 970 3122 gloria,

520 3135 574 3207 Qui
596 3151 648 3194 nos
670 3151 756 3208 prece
775 3134 916 3193 Formerii

519 3220 614 3279 Ducat
633 3219 672 3279 ad
695 3220 766 3279 coeli
789 3220 902 3294 gaudia.

202 3338 332 3402 Tempu,
359 3340 496 3404 Martyrol.
522 3339 634 3402 Hispan.
659 3340 696 3399 V,
723 3335 773 3389 319
798 3338 866 3388 ohne
890 3336 912 3386 A
950 3337 999 3387 abe
1023 3336 1069 3387 der
1095 3336 1196 3398 Quelle.
1239 3337 1314 3387 Nach

135 3407 228 3457 acinon
251 3407 441 3474 Andeutungen
465 3408 568 3457 scheint
588 3424 618 3458 er
641 3408 685 3458 ein
705 3421 801 3471 ganzes
828 3406 934 3457 Reimol
951 3407 1020 3455 cium
1044 3407 1093 3455 aul
1112 3406 1262 3456 Formerius
1286 3407 1314 3455 in

135 3475 247 3526 llrinden
268 3476 365 3541 gehabt
389 3493 422 3527 zu
444 3476 538 3526 haban.
578 3478 629 3526 Die
653 3481 740 3527 ersten
763 3476 853 3525 Zeilcn
872 3474 947 3538 jeder
972 3474 1085 3539 Strophe
1107 3472 1168 3523 sind
1193 3489 1242 3524 aus
1264 3473 1314 3524 den

134 3544 355 3609 entsprechenden
380 3544 510 3609 Strophen
533 3544 578 3596 des
602 3543 882 3596 Dominum-Lintea
906 3542 1027 3608 gleichen
1048 3543 1166 3608 Anfangs
1191 3542 1314 3593 hardber-

133 3628 294 3678 genomman.
330 3614 390 3678 Vgl.
407 3616 486 3664 illone
505 3615 554 3676 111,
572 3611 631 3664 269.

514 3864 574 3921 206.
611 3865 650 3921 lle
669 3867 767 3920 sancto
782 3861 933 3921 llcrmerio.

635 4001 679 4057 Ad
696 3999 811 4055 Laudes.

135 4146 163 4206 1.
187 4144 297 4205 Chorus
319 4144 413 4203 tidelis
435 4145 515 4203 varia
748 4146 777 4203 2.
801 4144 888 4204 Ortus
910 4142 940 4200 in
963 4141 1148 4216 Cappadocia

192 4231 303 4289 Psallat
324 4230 385 4288 Deo
407 4231 539 4301 melodia,
802 4229 865 4287 Deo
887 4227 996 4287 servire
1017 4227 1135 4299 studuit,

191 4316 280 4374 Gesta
302 4316 442 4374 Formerii
465 4317 563 4374 inclita
800 4313 840 4373 Et
862 4313 892 4373 in
914 4312 1002 4372 eremi
1024 4313 1104 4371 curia

189 4401 287 4460 Laude
310 4400 480 4474 depromens
503 4401 608 4463 debita.
801 4400 884 4458 Tunc
905 4399 1057 4458 sanctitate
1078 4396 1182 4456 floruit.

1123 4490 1159 4547 90
