2918 4868
627 299 840 362 „65-

503 500 544 556 71.
580 500 618 555 lle
637 514 673 556 ss.
694 498 789 556 Atrion
808 500 969 556 0180111101.

632 624 663 676 In
684 621 830 677 Laudibus.

139 748 169 808 l.
193 748 329 806 Exsultet
349 747 428 804 claro
450 746 546 805 sidere
758 749 787 806 8.
811 745 929 802 Flumen
952 742 1077 802 flammet
1099 744 1276 815 praecordia,

195 834 321 906 Fulgcns
343 837 436 890 mater
455 831 585 901 ecclesia,
812 831 852 890 Ut
873 830 943 887 haec
965 835 1027 886 tota
1049 826 1158 886 familia

195 917 301 976 Abdon
323 924 353 975 et
374 917 487 975 sennen
508 916 625 975 aethere
812 916 922 973 Homm
944 921 1107 972 sauctorum
1130 913 1241 972 cantica

196 1003 279 1062 Nora
294 1001 472 1076 profundunt
493 1002 607 1075 gaudia.
811 1002 910 1059 Mente
934 1006 1038 1074 pangat
1061 1000 1228 1058 monastica.

141 1127 173 1186 2.
199 1123 389 1195 Triumphant
410 1137 463 1194 per
484 1121 661 1195 martyrium,
757 1125 787 1184 4.
811 1121 958 1180 Exaudiet
980 1138 1031 1178 nos
1053 1121 1181 1192 miseros,

200 1208 323 1267 Vincunt
344 1223 452 1280 poenae
474 1207 639 1280 ludibrium,
811 1206 862 1265 Cui
884 1207 920 1264 sit
943 1206 1042 1276 honor,
1065 1205 1166 1280 gloria,

198 1293 333 1352 Frueudo
355 1309 410 1351 uon
434 1293 597 1366 despiciunt
817 1292 855 1363 Is,
879 1292 927 1364 qui
950 1298 1063 1350 sanctos
1085 1291 1219 1350 mirificos

200 1378 258 1437 Sed
281 1377 339 1437 frui
359 1379 448 1452 magis
471 1379 599 1452 cupiunt.
814 1379 871 1436 Sua
889 1377 1021 1449 prorexit
1043 1377 1144 1450 gratia.

213 1494 289 1545 Brev.
307 1510 355 1542 ms.
368 1493 480 1543 Vicense
492 1509 560 1543 saec.
574 1490 639 1542 ι4110.
655 1493 718 1542 Cod.
733 1494 820 1559 Capit.
833 1495 916 1543 Vioen
929 1495 1010 1543 cvii.
1024 1494 1054 1542 A.
1069 1521 1101 1529 -
1115 1497 1191 1545 Brov.
1211 1497 1233 1542 V
1236 1497 1322 1544 icense

143 1564 207 1626 imp.
224 1561 348 1628 Lugduni
369 1558 441 1612 1557.
463 1562 492 1611 B.
511 1592 543 1599 -
563 1560 589 1623 l,
611 1560 623 1611 l
643 1563 767 1612 Exsultat
784 1562 864 1612 choro
883 1562 967 1612 sidero
986 1562 1016 1611 A.
1036 1589 1066 1596 -
1089 1559 1115 1623 l,
1134 1560 1150 1613 3
1169 1563 1273 1613 Sennon
1294 1566 1321 1613 iu

143 1629 252 1681 aethera
268 1631 322 1680 AB.
344 1654 375 1664 -
397 1627 419 1692 l,
437 1629 455 1680 4
472 1631 631 1696 perfundunt
647 1631 702 1681 AB.

551 1844 595 1901 80.
622 1845 660 1901 110
678 1845 775 1902 sancto
786 1844 911 1902 Aebutio.

592 1965 631 2018 Iu
649 1964 730 2032 Vesp.
750 1971 777 2018 et
793 1964 877 2018 Laud.

144 2091 172 2148 l.
195 2089 339 2164 Hymuum
362 2106 452 2148 novae
473 2090 600 2149 laetitiae
761 2093 790 2150 4.
816 2090 868 2150 His
891 2092 999 2149 vocatis
1022 2093 1058 2150 ad
1081 2093 1220 2164 proelium

197 2174 306 2233 Chorus
330 2181 426 2233 noster
448 2176 615 2233 solemniter
812 2178 880 2236 Post
903 2174 1016 2234 felicem
1039 2178 1187 2236 victoriam

198 2259 269 2332 Regi
293 2276 382 2319 novae
404 2261 523 2320 militiae
814 2262 943 2320 Christus
966 2262 1132 2335 redemptor
1154 2263 1276 2320 omnium

201 2343 372 2403 Solemnizet
394 2347 584 2405 concorditer.
812 2346 897 2405 Suam
922 2347 1003 2406 dedit
1025 2348 1164 2406 notitiam.

148 2468 177 2525 2.
201 2466 282 2525 Haec
303 2471 347 2522 est
369 2466 420 2524 illa
442 2467 552 2544 militia,
760 2471 787 2529 5.
814 2466 921 2538 Quibus
943 2482 1086 2540 apparens
1108 2467 1225 2539 angelus

198 2550 285 2620 Cujus
308 2550 410 2609 ductor
430 2552 578 2620 Aebutius,
814 2553 847 2610 ln
870 2553 964 2625 magni
986 2553 1090 2610 montis
1114 2552 1235 2610 culmino

198 2635 307 2693 Doctus
330 2636 427 2695 muudi
450 2637 578 2709 scientia,
815 2638 907 2696 Docet
929 2654 977 2696 eos
998 2643 1030 2695 ut
1051 2638 1168 2696 sedulus

200 2719 315 2778 Gaudet
336 2737 399 2778 cum
423 2722 522 2780 decem
545 2721 670 2781 milibus.
814 2724 858 2782 De
880 2740 982 2797 magno
1005 2723 1112 2783 Christi
1132 2723 1253 2784 nomine.

146 2841 174 2899 3.
199 2839 398 2899 sacrificantes
418 2841 504 2899 idolis
760 2848 787 2903 6.
813 2844 901 2901 Triuo
922 2844 988 2923 Deo
1008 2848 1037 2900 et
1058 2843 1181 2915 simplici

199 2925 237 2982 Et
259 2925 413 2983 bellatores
436 2927 527 2984 incliti
813 2929 899 3005 Laus,
922 2929 1022 3000 honor,
1047 2929 1145 3000 virtus,
1169 2928 1269 3001 gloria.
1364 2924 1367 2929 ’

199 3009 281 3068 Prius
303 3018 385 3069 eraut
406 3011 436 3069 in
458 3013 571 3085 populis
811 3014 904 3085 Huius
926 3015 1019 3088 gregis
1042 3013 1154 3071 mirifici

196 3096 318 3169 Augusti
341 3096 426 3155 valde
448 3099 565 3170 cogniti.
812 3100 901 3156 Prece
925 3100 1010 3157 ducat
1032 3101 1068 3157 ad
1092 3099 1206 3172 gaudia.

213 3215 288 3264 Brev.
307 3216 372 3265 Com
393 3216 550 3266 ostellanum
571 3220 632 3284 imp.
651 3218 808 3283 Ulisiponae
828 3215 1004 3269 149111-
1024 3220 1099 3268 Brev.
1111 3218 1239 3267 Auriensc
1259 3220 1320 3282 imp.

144 3278 320 3334 Salmanticae
341 3281 353 3333 l
393 3281 415 3333 1.
435 3287 464 3335 Β.
483 3311 516 3319 -
534 3281 558 3349 2,
576 3281 592 3335 2
609 3287 700 3350 (100101
717 3286 748 3335 A.
767 3313 800 3321 —
818 3284 841 3349 2,
862 3283 878 3335 2
896 3286 1010 3336 Aeacius
1027 3286 1081 3336 AB.

541 3501 582 3558 81.
619 3501 656 3557 bo
674 3502 771 3558 sancto
789 3499 917 3558 Achatio.

614 3622 657 3676 Ad
674 3623 845 3676 Nocturnum.

146 3749 172 3806 l.
195 3747 290 3807 Adest
312 3747 374 3805 dies
396 3747 530 3817 laetitiae,
758 3750 787 3810 3.
812 3749 868 3819 Qui
890 3752 955 3820 post
976 3747 1084 3807 Christi
1107 3747 1236 3805 notitiam

195 3835 256 3907 Quo
278 3832 379 3891 beatus
400 3833 539 3891 Achatius
809 3833 913 3892 Duram
937 3833 976 3890 eis
999 3832 1035 3890 ab
1057 3833 1166 3905 angelis

198 3918 327 3992 Regnum
349 3919 480 3975 coelestis
504 3920 599 3977 curiae
811 3919 1030 3976 Tormentorum
1053 3919 1201 3976 saevitiam

196 4003 261 4062 Suis
282 4003 373 4061 intrat
393 4003 550 4064 sodalibus.
811 4004 917 4062 Exosis
938 4004 1055 4062 vincunt
1077 4003 1171 4061 idolis

142 4125 171 4183 2.
195 4122 279 4181 Unde
301 4127 393 4181 mater
414 4122 535 4181 ecclesia
758 4128 787 4185 4.
811 4123 898 4181 Acuti
923 4123 997 4181 clavi
1019 4123 1141 4196 pedibus

195 4208 311 4267 Laudes
334 4208 485 4280 depromat
507 4216 673 4283 martyrum,
810 4209 962 4266 Tolluntur
983 4209 1019 4267 ab
1041 4209 1154 4283 itinere,

198 4293 280 4352 Nora
303 4292 406 4352 lestum
429 4294 538 4353 laer-itia
812 4294 1007 4352 verberantur
1027 4294 1173 4366 lapidibus

197 4377 367 4438 Sanctmum
391 4378 489 4439 decom
511 4379 628 4437 milium.
810 4380 962 4439 Mittentcs
984 4380 1039 4461 Dei
1062 4395 1186 4437 munere.

198 4484 313 4535 liram.
327 4485 448 4537 Hymnodls
461 4485 568 4528 11111011οι
1152 4472 1169 4523 5
