2918 4868
612 290 841 355 -207-

449 492 509 551 360.
546 493 584 548 lle
602 507 638 548 ss.
657 491 780 549 beciano
799 495 829 549 et
847 491 995 548 Marciano.

634 613 677 668 ad
694 613 808 669 Laudes

343 742 369 802 1.
394 743 458 801 Jam
482 742 524 798 sol
548 742 670 814 Olympo
693 738 788 798 aureis
809 737 956 812 quadrigis

394 826 536 899 Spargere
558 827 650 884 lucem
674 825 770 897 coepit
791 832 820 881 et
842 824 969 883 illustrat

394 913 477 970 Hunc
500 920 608 969 tantum
633 912 708 970 diem
731 916 889 984 martyrum
909 914 1030 985 tuorum,

434 998 458 1056 0
480 998 555 1055 alme
578 998 701 1057 Christe.

338 1101 367 1161 2.
391 1100 452 1171 Quo
475 1099 556 1160 ferox
578 1100 674 1177 hydra
695 1099 827 1173 plurimis
848 1097 950 1157 occisis

393 1187 489 1243 Veloci
516 1203 609 1259 cursu,
632 1184 733 1245 infelix
756 1184 889 1254 Sabinus,

393 1272 580 1330 Perscrutans
603 1271 739 1331 mundum
758 1270 861 1328 missus
884 1276 937 1344 est,
962 1274 992 1327 ut
1014 1273 1118 1327 mactet

434 1357 467 1415 ln
490 1364 519 1416 te
541 1359 701 1420 eredentes.

341 1461 369 1519 3.
393 1460 474 1518 Inter
496 1476 565 1532 quos
588 1465 701 1518 sanctos
724 1466 808 1532 teque
831 1458 1002 1531 disponente

393 1544 538 1617 Martyres
562 1546 632 1604 istos
654 1546 684 1602 in
706 1544 778 1603 urbe
801 1543 926 1618 vicensi,

394 1629 436 1689 Ut
458 1647 520 1688 eam
543 1636 667 1708 servent,
690 1630 825 1704 gravibus
847 1628 997 1687 tormentis

438 1716 579 1789 Torqueri
598 1714 676 1775 feeit

339 1821 368 1877 4.
393 1817 484 1875 Rabie
505 1835 565 1890 sua,
588 1818 663 1877 odiis
685 1818 796 1876 acerbis

392 1903 439 1960 Ad
463 1912 491 1961 te
515 1905 624 1962 remisit
647 1904 757 1962 camino
779 1909 926 1977 purgatos,

392 1989 467 2061 Quos
490 1990 632 2048 coronasti
654 1996 686 2048 ut
708 2005 791 2048 veros
813 1989 936 2047 athletas

434 2075 594 2147 Splendido
621 2075 708 2137 vultu.

343 2179 370 2235 5.
395 2177 550 2235 Preramur
572 2193 650 2250 ergo,
670 2178 718 2249 qui
742 2174 823 2233 nobis
846 2176 979 2233 custodes

393 2262 463 2321 Illos
487 2262 602 2332 dedisti,
625 2262 760 2334 precibus
783 2276 891 2335 eorum,

393 2347 463 2406 Cum
486 2363 551 2406 sera
573 2348 636 2406 dies
658 2346 778 2420 venerit,
802 2362 864 2404 cum
887 2345 946 2404 illis

435 2434 541 2491 Tecum
560 2448 716 2507 regnemus.

340 2537 369 2596 6.
395 2535 513 2593 Praesta
536 2535 599 2606 hee,
623 2542 722 2593 sancte
743 2534 823 2606 Jesu,
845 2533 928 2592 nobis
951 2534 1007 2606 pic,

391 2621 445 2693 Qui
468 2636 576 2678 summo
600 2629 683 2693 patre
706 2637 769 2678 eum
792 2619 896 2693 spiritu
918 2624 1018 2678 saneto

394 2707 426 2764 ln
451 2706 580 2763 trinitate
604 2705 680 2780 regis
703 2711 732 2763 et
752 2705 893 2778 gubernes

435 2791 556 2850 Saecula
578 2799 689 2853 cuncta.

203 2928 279 2977 Brev.
298 2928 411 2977 Vieense
429 2929 491 2992 imp.
512 2927 636 2993 Lugduni
655 2923 728 2977 1547.

516 3160 571 3218 361.
611 3161 650 3219 lle
669 3162 767 3219 saneto
784 3161 930 3219 baderico.

621 3283 664 3338 Ad
681 3284 821 3354 vesperae.

385 3411 411 3471 1.
437 3410 581 3468 Mentibus
602 3411 719 3468 summis
740 3411 915 3469 celebremus
938 3427 1034 3469 omnes

436 3495 523 3568 Regis
545 3497 654 3554 aeterni
678 3498 861 3556 memoranda
883 3496 967 3573 dona,

437 3580 557 3653 Semper
579 3582 701 3654 Hispani
722 3579 851 3642 referant
873 3580 973 3641 fideles

480 3666 613 3726 Carmina
634 3667 737 3728 laudis.

386 3773 413 3831 2.
438 3771 584 3845 Martyres
608 3770 672 3828 dira
693 3771 832 3828 subeunte
854 3786 946 3842 poena

438 3858 582 3929 Hesperos
605 3858 749 3928 quendam
772 3857 884 3914 coluere
907 3854 977 3913 lines

437 3941 475 3999 Et
497 3959 548 4000 suo
570 3949 683 4000 nostras
705 3957 787 4000 roseo
809 3949 959 4000 sacrarunt

480 4026 623 4100 Sanguine
648 4035 751 4087 terras.

385 4133 414 4190 3.
438 4129 532 4188 Multa
553 4136 619 4202 post
641 4131 757 4189 taudem
780 4130 909 4189 revoluta
930 4133 1025 4190 saecla

438 4215 557 4274 Gallicis
579 4216 647 4288 oris,
671 4216 826 4287 ludovice,
851 4223 961 4275 vectum

373 4327 376 4331 ⁷
437 4302 479 4359 Te
501 4302 670 4359 valentinae
690 4301 768 4359 Deus
790 4302 852 4374 ipse
874 4309 988 4362 nostrae

480 4387 607 4447 Contulit
630 4386 702 4449 urbi.
