2918 4868
641 271 876 335 —156-

566 438 626 496 263.
663 438 700 496 ltc
719 441 816 496 sancto
837 438 948 509 Jaoolno.

668 560 711 615 Ad
729 560 844 615 Laudes.

169 689 196 749 1.
220 687 335 746 Laudes
358 686 464 745 Christi
486 686 613 758 psallant
634 685 692 763 isti,
781 687 811 745 4.
835 685 915 743 Tunc
937 685 975 743 ad
997 701 1095 744 verum
1118 686 1215 744 trahet
1238 688 1347 746 coelun

263 773 316 844 Qui
339 778 550 844 consequuntur
572 786 659 844 opere
878 771 986 828 Rector
1009 787 1150 843 supernae
1168 773 1289 845 patriae,

220 859 308 930 Quem
330 857 501 915 monstravit
522 864 553 914 et
576 857 692 915 donavit
835 856 883 914 Sic
906 856 1026 925 dotavit,
1048 872 1131 929 quem
1153 858 1271 929 amavit,

262 943 416 1017 Signum
447 942 577 1000 crucis
611 943 728 1000 mira·
877 942 1047 1016 Hymnum
1071 944 1346 1017 canamusglo·

523 1027 613 1088 bile.
1141 1030 1232 1090 riae.

166 1153 195 1211 2.
220 1149 298 1208 Deus
320 1155 404 1222 pater
427 1145 519 1205 lactus
543 1144 634 1206 frater
782 1151 811 1209 5.
835 1144 895 1205 Fac
917 1163 969 1204 nos
992 1146 1078 1222 digne
1101 1153 1129 1204 te
1149 1146 1271 1221 benigno

261 1236 396 1294 Formam
411 1232 548 1292 sumendo
560 1248 728 1306 pauperum,
879 1232 978 1291 Mente
1003 1234 1108 1291 devota
1130 1234 1232 1306 colere,

219 1321 253 1378 lu
275 1336 331 1392 qua
351 1317 454 1377 sortem
471 1319 586 1377 vincens
610 1325 729 1375 mortem
836 1317 875 1377 Ut
897 1317 938 1375 sis
960 1318 1008 1376 ria
1030 1316 1112 1376 uobis
1134 1318 1192 1395 pia,

262 1404 446 1465 Conditor
461 1405 547 1462 alme
563 1404 727 1463 siderum.
876 1402 989 1461 Lucis
1012 1409 1170 1462 creator
1191 1405 1345 1478 optime.

167 1528 195 1586 3.
219 1523 267 1583 Sic
290 1539 416 1596 superna
433 1529 492 1581 stat
514 1524 631 1580 lucerna
783 1523 813 1581 6.
837 1520 928 1579 Nobis
950 1523 1054 1582 trinam
1079 1523 1117 1581 da
1140 1523 1308 1589 doctrinam,

261 1608 388 1670 lacobus
411 1609 595 1681 apostolicus,
879 1609 1018 1679 apostole
1039 1609 1227 1679 sanctissime,

221 1694 317 1753 Verba
340 1695 416 1753 vitae
440 1694 535 1753 dando
559 1695 614 1753 rite
834 1695 874 1753 Ut
896 1693 1039 1751 salvemur
1061 1700 1088 1751 et
1112 1711 1253 1761 ornemur,

260 1780 371 1854 Veni,
388 1780 729 1852 creatorspiritus.
878 1780 1042 1836 aeterno
1057 1795 1122 1837 rex
1138 1780 1343 1842 altissime.

233 1900 307 1949 Brev.
326 1915 374 1949 mo.
393 1897 634 1963 Compostellanum
653 1914 720 1947 saec.
741 1894 780 1947 15.
799 1897 862 1947 Cod.
882 1895 967 1962 Capit.
987 1896 1157 1962 Compostell.
1176 1914 1196 1946 a.
1216 1915 1240 1946 n.
1260 1898 1290 1947 Α.
1309 1924 1342 1932 -

167 1969 245 2017 Brea.
265 1968 400 2032 Burgeuse
417 1968 479 2031 imp.
499 1983 518 2014 s.
537 1967 637 2016 leta.
656 1967 685 2016 B.
704 1995 736 2002 -
755 1961 779 2021 3,
800 1962 816 2014 2
834 1966 970 2030 apostolus
983 1966 1036 2015 AB.
1056 1995 1087 2002 -
1106 1964 1129 2025 6,
1152 1964 1163 2014 l
1182 1966 1216 2015 da
1234 1966 1299 2015 fehlt
1312 1968 1342 2015 Λ.

563 2184 623 2241 tot.
658 2184 697 2240 lle
716 2186 811 2241 sancto
830 2183 941 2240 Jacolo.

655 2303 697 2357 Ad
716 2304 855 2373 Vesperas.

165 2432 195 2491 1.
216 2429 310 2488 Adest
331 2430 392 2488 dies
415 2429 595 2487 sanctissima
781 2431 810 2489 3.
833 2428 905 2486 Post
926 2434 1046 2486 mortem
1069 2428 1098 2486 in
1122 2427 1290 2500 Hispaniam

217 2515 331 2573 Virtute
353 2530 437 2573 sacra
459 2513 622 2589 splendida,
833 2513 940 2571 Missus
963 2512 996 2570 fit
1017 2529 1053 2571 ex
1075 2513 1217 2587 prodigio,

216 2602 278 2673 Qua
297 2600 423 2661 lacobus
446 2599 641 2658 sanctissimus
832 2598 880 2656 Ad
904 2599 1021 2656 deitatis
1042 2599 1162 2671 gloriam

216 2686 343 2746 Locatur
362 2685 392 2742 in
414 2684 595 2744 coelestibus.
831 2684 925 2742 Minae
948 2690 1043 2742 terrae
1065 2683 1222 2743 conversio,

163 2807 192 2866 2.
216 2805 273 2865 Hic
295 2805 402 2864 Christi
425 2802 649 2877 consanguineus
780 2805 809 2863 4.
832 2803 879 2861 Ab
901 2803 1043 2861 universis
1066 2804 1169 2861 colitur

218 2892 263 2948 Ac
295 2896 470 2948 secretorum
491 2889 629 2960 conscius,
832 2888 905 2962 Eius
927 2888 1058 2947 miranda
1081 2886 1201 2961 fabrica,

218 2975 306 3034 Sacro
330 2974 507 3033 duodenario
830 2974 870 3032 Et
891 2974 967 3047 quod
991 2974 1093 3033 devote
1115 2975 1232 3047 potitur,

221 3061 381 3120 Praecessit
402 3061 432 3118 in
452 3059 600 3134 martyrio.
765 3080 768 3084 ·
833 3059 882 3117 Fit
903 3066 1047 3132 potestate
1070 3061 1186 3119 coelica.

520 3183 548 3238 5.
570 3178 633 3236 Lux
656 3185 685 3236 ct
707 3180 794 3236 decus
816 3177 983 3252 Hispaniae,

573 3264 688 3322 Christo
709 3281 763 3338 pro
783 3263 865 3322 nobis
890 3264 975 3322 hodie

573 3348 675 3408 Funde
696 3365 807 3423 preces,
830 3355 862 3407 ut
883 3350 995 3408 veniam

573 3434 786 3508 Consequentur
808 3442 838 3494 et
859 3435 989 3508 gloriam.

231 3553 307 3602 Brcv.
326 3568 373 3602 ms.
391 3554 549 3603 Zamarense
569 3568 637 3603 saec.
659 3550 697 3604 15.
714 3553 777 3604 Cod.
790 3554 876 3618 Capit.
889 3554 1024 3603 zamoren.
1043 3570 1064 3600 a.
1082 3568 1108 3601 n.
1127 3576 1159 3585 -
1178 3548 1202 3610 5,
1224 3548 1234 3599 l
1255 3553 1277 3599 0
1296 3551 1342 3600 lux

162 3620 303 3740 fgseffieeum
329 3622 459 3671 antwoder
483 3624 519 3671 ist
535 3623 558 3671 Ο
583 3636 616 3670 zu
633 3621 827 3672 untordrrickca
845 3622 909 3672 oder
926 3620 1043 3687 Spaniae
1060 3626 1125 3671 statt
1144 3621 1290 3684 Hispaniae
1309 3636 1341 3669 au

566 3856 626 3912 266.
662 3854 700 3913 llo
718 3858 814 3913 sancto
831 3854 943 3913 dacolo.

633 3976 676 4031 Ad
694 3978 865 4042 Nocturnum.

165 4103 192 4163 1.
217 4102 327 4175 Gaude,
351 4101 421 4161 felix
444 4103 594 4178 collegium
777 4109 804 4167 2.
827 4103 987 4162 Jerusalem
1010 4102 1152 4160 occiditur

214 4189 321 4247 Felicis
343 4206 418 4247 nunc
440 4191 578 4249 ecclesiae
826 4189 873 4248 ab
896 4187 1013 4246 Herode
1034 4188 1173 4260 sacrilego

214 4274 254 4332 Et
275 4275 348 4334 tanti
372 4276 446 4334 dono
468 4277 578 4349 grat-iae
832 4273 905 4333 Nam
928 4272 1062 4348 lacobus,
1085 4280 1117 4331 ut
1138 4273 1252 4347 legitor,

216 4358 348 4420 Solemnc
371 4363 422 4419 des
444 4360 579 4425 officium,
830 4359 870 4418 Et
892 4359 1112 4431 compostellam
1138 4359 1259 4423 vehitur.
