2918 4868
653 270 864 334 ..60-

175 445 209 504 V.
238 444 311 515 Quia
331 460 383 502 suo
404 443 568 516 precamine
787 441 821 503 V.
851 442 890 500 tn
916 442 1019 503 terreis
1041 442 1201 516 pectinibus

239 531 398 603 Aegrorum
421 529 601 588 medicamini
850 528 935 586 Hunc
955 528 1107 588 carmiuari
1129 528 1246 587 nimium

279 615 407 673 Devotus
429 613 607 674 intendebat.
893 614 1036 673 Ministn’s
1057 614 1218 687 imperavit.

181 721 209 778 3.
233 719 371 790 agrestes
393 715 471 775 feras
490 718 616 788 jusserat
797 718 825 779 3.
849 716 905 774 Hic
927 723 993 790 post
1013 716 1128 790 flagella
1149 712 1268 773 fustium

277 803 358 861 Tunc
380 817 497 876 praeses
520 803 696 876 congregari,
848 801 888 860 Et
911 803 1052 861 cruciatus
1075 801 1218 875 pectinum

232 889 320 960 Cuius
343 887 427 947 turba
448 889 598 961 prodierat
891 888 944 946 Est
967 888 1083 946 tandem
1106 887 1265 946 decollatus

276 975 310 1032 In
334 979 429 1031 monte
453 989 517 1031 mox
539 974 648 1046 venari,
849 972 946 1030 Ritum
968 989 1106 1046 spernens
1130 972 1286 1045 gentilium,

233 1059 283 1120 Sic
305 1058 411 1118 bestias
434 1065 622 1131 conspexerat
849 1057 896 1116 Sic
919 1058 1033 1117 transiit
1054 1059 1092 1117 ad
1112 1058 1264 1117 Dominum

275 1145 408 1203 Vicissim
431 1144 626 1216 constemari3
892 1144 948 1202 llic
970 1145 1065 1217 capite
1087 1149 1245 1204 truncatus

168 1231 203 1290 V.
233 1231 282 1289 Ad
304 1231 470 1303 speluncam
492 1235 524 1287 ut
545 1236 684 1289 venerant
785 1228 820 1290 V.
850 1230 908 1288 Pro
929 1244 996 1302 rege
1019 1246 1116 1303 regum
1139 1230 1264 1286 omnium

235 1316 370 1374 Sanctum
393 1314 524 1388 intraque
546 1315 688 1388 videraut,
845 1315 990 1372 Conclusit
1014 1316 1089 1374 vitae
1111 1315 1274 1389 terminum,

275 1403 447 1473 lnceperunt
470 1400 579 1462 mirari,
890 1399 959 1458 Cum
982 1417 1038 1473 qno
1060 1406 1161 1474 regnat
1182 1399 1290 1458 beatus.

286 1622 329 1679 ln
353 1625 381 1683 2.
406 1622 614 1686 Nocturno,
915 1605 1007 1666 1113.
1032 1605 1241 1666 Nocturno.

363 1757 538 1824 Antiphonao·
977 1723 1152 1788 Antiphonac.

184 1881 213 1940 1.
236 1879 323 1939 Stetit
346 1879 399 1937 Dei
422 1879 539 1937 servitio

274 1964 331 2024 llic
351 1965 487 2023 innocens
509 1969 538 2022 et
559 1980 658 2037 purus,

233 2049 319 2109 Unde
340 2050 457 2108 coelesti
477 2050 571 2123 pretio

276 2133 439 2195 Perfruitur
461 2151 587 2198 securus.

179 2242 208 2299 2.
233 2239 265 2295 ln
288 2242 366 2296 terra
388 2239 569 2311 capadociae

276 2323 382 2382 Beatus
403 2323 458 2382 iste
481 2325 567 2396 desit,

233 2409 270 2467 Se
291 2410 385 2482 ipsum
407 2425 477 2483 gens
498 2409 646 2468 Sebastiac

278 2497 312 2554 ln
334 2495 497 2567 praesulem
518 2495 613 2568 elegit.

181 2602 210 2660 3.
233 2598 273 2656 Et
298 2612 328 2654 se
350 2596 388 2655 ad
410 2602 533 2655 montem
556 2596 732 2656 transferens

277 2683 330 2753 Qui
351 2681 456 2740 dicitur
478 2683 578 2757 Argoi,

235 2768 273 2826 Se
294 2767 357 2825 Deo
378 2772 469 2825 totum
491 2766 612 2826 otlereus

279 2851 413 2911 Cantsvit
433 2852 533 2911 laudes
555 2853 590 2911 ei.

797 1828 823 1888 1.
847 1827 895 1886 Ad
917 1828 1011 1901 ipsum
1033 1829 1058 1887 si
1081 1827 1232 1901 contigerit

891 1914 1002 1988 Aegras
1024 1912 1102 1972 ieras
1127 1913 1231 1981 venire,

845 1999 915 2057 Cum
937 2015 1022 2058 saum
1045 2015 1093 2058 eas
1116 1998 1253 2068 reddidit,

889 2084 1034 2145 Nolebant
1056 2085 1187 2145 retroire.

794 2189 823 2250 2.
847 2186 891 2245 De
913 2187 1003 2245 Blasii
1025 2186 1171 2245 miraculis

889 2272 1004 2330 Timens
1027 2271 1226 2348 agricolanis,

846 2357 887 2417 Ut
907 2363 1053 2416 teneretur
1074 2357 1205 2428 vinculis,

889 2442 961 2501 Suus
982 2444 1141 2501 transmisit
1160 2459 1270 2501 manus.

793 2548 821 2606 3.
845 2543 956 2605 Inticcti
979 2563 1122 2619 nunquam
1145 2545 1238 2620 potnit

890 2632 944 2690 Vir
964 2632 1020 2689 iste
1042 2631 1257 2703 blandimentis,

850 2717 943 2790 Magis
965 2734 1019 2790 pro
1042 2717 1156 2776 Christo
1179 2716 1268 2776 voluit

892 2803 1003 2876 Corpus
1027 2803 1090 2862 dari
1112 2803 1271 2863 tormentis.

971 2956 1158 3020 Responnoria

797 3063 825 3121 1.
849 3059 951 3118 Nudus
973 3059 1020 3117 hic
1042 3067 1121 3118 veste
1144 3074 1248 3119 carnea

184 3145 211 3204 1.
236 3141 393 3205 Confoetim
416 3143 501 3204 turba
523 3144 619 3217 rediit,
891 3145 974 3203 Trita
992 3146 1052 3217 jam
1075 3147 1104 3204 in
1127 3146 1247 3219 equuleo

233 3229 407 3303 Agricolauo
428 3230 537 3301 retulit,
848 3230 976 3289 Granum
998 3237 1030 3288 ut
1051 3231 1157 3291 nudum
1180 3231 1266 3306 palea

275 3315 358 3387 Quod
381 3315 496 3376 uderat
517 3316 547 3373 in
569 3325 681 3388 monte;
891 3316 971 3375 Coeli
993 3315 1141 3375 confertur
1160 3315 1274 3388 lrorreo,

234 3402 354 3461 Praeses
377 3417 445 3461 vero
467 3401 538 3459 haec
559 3401 659 3474 audiit,
848 3402 892 3460 De
913 3401 1008 3475 palma
1030 3403 1159 3476 gaudens
1180 3417 1263 3460 rosea

232 3487 286 3560 Qui
307 3487 399 3560 pluris
421 3486 448 3545 ei
470 3487 599 3562 contulit,
891 3486 960 3545 Cum
983 3489 1163 3547 sacerdotum
1186 3503 1286 3556 cuneo,

275 3572 315 3632 Ut
337 3573 413 3631 irent
437 3589 490 3645 pru
513 3572 641 3647 insonte3
785 3573 820 3636 V.
851 3572 944 3644 Hujus
965 3573 1064 3632 muudi

170 3660 203 3718 V.
235 3659 306 3719 Cum
329 3657 460 3731 pluribus
482 3657 530 3715 hic
550 3656 621 3715 abiit
890 3664 1020 3732 sumptus
1044 3675 1079 3717 ex
1102 3675 1170 3718 area

234 3744 273 3802 Et
293 3743 419 3816 praesuli
443 3743 517 3801 hunc
537 3742 633 3801 attulit
848 3744 933 3802 Coelo
957 3742 1046 3818 fulget

275 3828 412 3887 Serenum
435 3828 512 3887 laeta
533 3825 637 3888 ironte.
892 3831 1000 3902 duplici
1018 3831 1125 3888 laurea

181 3934 209 3992 2.
234 3932 355 3991 Praenes
378 3929 492 3989 blandis
513 3930 691 3989 sermonibus
795 3935 822 3992 2.
846 3932 1006 4005 Oppressus
1029 3933 1112 3991 malis
1134 3933 1248 3993 Blasius

234 4017 282 4076 Ad
305 4032 336 4075 se
360 4017 512 4075 deductum
536 4016 663 4074 Blasinm
890 4017 947 4077 Sua
969 4033 1055 4091 prece
1077 4018 1204 4091 alleviat,

276 4101 403 4161 Suadere
421 4100 576 4175 inchoavit,
848 4103 880 4160 ln
903 4102 971 4162 fidei
995 4105 1153 4163 constantia

229 4188 318 4260 Quem
341 4187 424 4245 caedi
442 4188 529 4258 jnssit
552 4186 683 4263 fustibus,
890 4189 931 4247 Ut
953 4190 1030 4261 ipsos
1053 4187 1142 4248 fortas
1169 4187 1256 4248 iaciat

231 4274 327 4347 Ipsius
348 4289 398 4332 cor
419 4273 551 4332 eximium
846 4274 885 4331 Et
906 4274 935 4333 in
958 4275 1064 4334 virtute
1086 4275 1169 4334 deica

272 4359 346 4433 Quia
366 4375 423 4418 non
445 4359 614 4432 immutavit,
889 4359 980 4419 Sauos
1003 4377 1051 4419 eos
1074 4361 1226 4422 custodiat.

360 3023 545 3087 Respousoria.
