2918 4868
622 213 851 278 -209-

391 390 420 450 6.
444 390 508 448 Jarn
532 393 609 446 tuum
634 403 736 447 nomen
758 389 867 448 varium
890 405 943 462 per
964 388 1062 448 orbem

445 474 511 531 Rite
532 471 656 546 professi
680 480 853 532 venerantur
873 490 979 552 omnes,

445 559 517 617 Vota
538 576 613 617 nunc
636 560 760 618 clemens
783 560 890 632 pictate
912 560 1001 619 mults

487 645 610 718 Respice
632 650 739 704 nostra.

393 766 421 826 7.
445 764 520 822 lanus
542 765 620 836 patri
642 781 750 823 summo
773 766 924 839 genitoque
947 782 1069 839 semper,

444 850 569 909 Flamini
592 866 674 908 sacro
697 851 780 909 simul
803 856 832 909 ct
850 857 987 928 potestas,

442 936 495 1006 Qui
518 936 597 993 Deus
619 937 741 1008 simplex
765 935 874 995 ditione
896 937 974 995 solus

486 1023 595 1082 Cuncta
617 1021 767 1096 gubernat.

214 1139 287 1187 lirev.
306 1137 476 1187 Valentinum
501 1140 562 1204 imp.
581 1138 694 1203 Neapoli
715 1135 788 1190 1489.
807 1138 837 1188 A.
857 1166 888 1173 -
907 1140 983 1189 Brev.
1002 1139 1171 1189 Valentinum
1192 1141 1253 1203 imp.
1269 1141 1321 1188 Va·

142 1204 239 1255 lentiue
263 1202 335 1255 1533.
354 1208 383 1255 B.

526 1388 586 1446 363.
620 1389 658 1446 lio
676 1389 773 1446 saneto
795 1387 939 1446 ludovico.

646 1510 690 1565 Ad
707 1511 821 1566 Laudes.

393 1640 420 1698 l.
444 1636 586 1694 Auroram
609 1653 740 1696 remeans
760 1634 863 1695 lucifer
885 1636 990 1708 attulit,

444 1722 556 1781 Cedunt
577 1728 609 1780 ut
631 1722 766 1782 tenebrae
789 1723 913 1795 desuper
934 1721 1052 1797 eminus,

446 1807 533 1866 Sacro
556 1807 685 1881 pontifici
707 1807 836 1881 praemia
858 1806 979 1880 mendic

488 1895 648 1968 Pangamus
671 1894 740 1953 data
763 1893 889 1951 coelitus.

389 2017 418 2075 2.
442 2014 544 2071 insons
567 2013 720 2072 Tartareos
741 2030 798 2071 non
821 2012 899 2070 videt
922 2010 1024 2083 impios

443 2100 527 2170 ignes
550 2106 599 2156 aut
621 2099 749 2173 Stygiam
772 2116 827 2157 non
850 2095 1043 2165 remeabilem,

439 2185 513 2245 Orco
543 2184 697 2257 praecipiti
719 2200 776 2242 non
797 2182 856 2242 ruit
878 2182 995 2241 hemido

484 2270 540 2327 Hic
562 2270 677 2342 praesul
701 2286 783 2329 sacer
804 2269 929 2332 inclitus.

388 2392 415 2451 3.
440 2388 555 2447 Summo
577 2391 627 2449 sed
652 2389 758 2447 fruitur
780 2387 895 2447 numine
918 2388 1058 2460 perpetim

438 2475 571 2548 Regnare
594 2474 715 2534 sidereis
738 2491 849 2548 semper
870 2474 900 2531 in
923 2471 1045 2545 arcibus,

441 2561 531 2618 Sedes
553 2561 701 2620 aethereus
723 2560 827 2619 laetior
846 2559 956 2618 obtinet

482 2646 651 2705 Sanctorum
674 2645 745 2705 situs
768 2647 889 2720 agmine.

386 2766 416 2824 4.
440 2768 566 2824 Aeterno
589 2767 706 2840 speculo
727 2772 885 2839 cunctaque
908 2764 1056 2840 conspicit,

442 2850 532 2909 Nemo
556 2852 592 2909 de
614 2853 727 2926 superis
750 2851 854 2924 pendia
877 2850 1035 2921 subtrahet,

442 2936 533 2994 Sertis
557 2943 585 2995 ct
607 2937 698 2997 niveis
719 2944 848 3010 tempora
871 2936 993 3010 cingitur

486 3022 598 3081 Felices
620 3031 775 3096 penetrans
798 3023 908 3083 choree.

388 3144 418 3202 b.
443 3140 530 3213 Cujus
553 3141 706 3201 nobilitant
729 3160 794 3200 ossa
817 3142 986 3213 Valentiam,

439 3230 502 3299 Qua
524 3244 628 3301 corpus
651 3229 788 3286 tummulo
810 3227 943 3286 conditur
964 3240 1059 3297 aureo,

442 3314 512 3370 Cum
536 3331 641 3388 pompa
663 3315 792 3388 sequitur
814 3312 898 3372 turba
921 3312 1081 3371 canentium

483 3398 586 3458 Festos
609 3398 811 3459 concelebrans
835 3399 905 3458 dias.

388 3521 417 3578 6.
440 3519 561 3579 Oramus
585 3517 685 3578 famuli
707 3526 745 3597 te,
769 3521 842 3581 bone
864 3516 1004 3591 pontifex,

441 3604 491 3676 Ut,
515 3620 578 3662 cum
601 3612 666 3678 post
685 3605 780 3665 aderit
801 3609 878 3664 meta
899 3601 1062 3675 norissima

441 3691 528 3750 Coelo
551 3691 690 3764 suscipiat
711 3708 762 3750 uos
784 3691 849 3764 pius
871 3689 990 3756 arbiter,

482 3776 562 3835 Dans
583 3777 666 3836 nobis
688 3793 740 3836 sua
761 3793 889 3839 munera.

389 3899 416 3959 7.
441 3895 554 3955 Laudes
576 3896 703 3972 ingenito
726 3898 851 3956 carmine
873 3896 997 3969 supplici

439 3982 519 4040 Patri
542 3998 604 4040 cum
627 3983 722 4057 genito
744 3988 860 4058 guttura
881 3987 1062 4055 concrepent,

441 4066 529 4125 Sacro
552 4068 667 4141 spiritui
690 4069 798 4127 residet
818 4067 918 4126 unicus

484 4153 567 4212 Celso
588 4155 637 4228 qui
658 4153 730 4213 solio
751 4154 838 4216 Deus.

211 4271 285 4320 Rrev.
304 4270 474 4320 Valentinum
493 4275 555 4337 imp.
574 4273 688 4338 Neapoli
709 4269 782 4323 1489.
800 4273 831 4323 Α.
851 4300 883 4307 -
903 4273 977 4322 Brev.
996 4271 1166 4321 Valentinum
1184 4270 1247 4333 imp.
1266 4270 1317 4319 Va·

139 4339 236 4390 lentiae
256 4334 330 4389 1533.
348 4341 377 4389 B.

194 4430 308 4480 Dreros.
323 4429 441 4483 umnelin
456 4429 563 4473 Hiberico.
1135 4420 1164 4472 14
