2918 4868
562 294 773 360 „59-

331 471 360 530 5.
382 468 435 540 Qui
457 469 531 541 regit
552 469 639 527 cosmi
659 467 857 542 fabricamque
880 472 973 530 coelos

380 553 472 626 Gyrat
494 553 636 625 immotus,
659 560 744 627 pater
765 561 865 628 estque
887 565 996 629 gnatus,

379 639 497 698 Flamen
516 644 569 710 est,
593 640 686 698 trinus
709 640 788 698 Deus
811 658 884 699 uuus
906 649 973 702 ante

421 723 541 783 Saecula
563 741 684 797 semper.

141 842 220 892 Brev.
240 843 418 892 Zamoranum
436 844 500 908 imp.
521 839 595 894 15**.

465 1033 507 1090 69.
543 1033 574 1091 ln
592 1034 776 1092 beaceneicne
794 1035 872 1092 BMV.

579 1171 623 1226 Ad
640 1172 755 1227 Laudes.

328 1316 355 1374 1.
379 1312 464 1372 Sidus
486 1329 606 1371 aurorae
627 1313 715 1371 maris
736 1320 821 1386 atque
843 1313 936 1391 stella,

377 1400 485 1456 Lumen
507 1415 524 1456 ο
547 1396 658 1471 fulgens
680 1399 752 1456 solio
774 1399 803 1456 in
827 1416 955 1465 corusco,

376 1483 454 1542 Luce
476 1501 541 1542 nam
563 1484 643 1556 cuius
665 1485 790 1543 renitent
812 1486 927 1558 olympi

420 1569 523 1628 Sidera
545 1577 656 1631 cuncta.

327 1708 356 1768 2.
378 1706 459 1764 Aura
480 1712 630 1765 nautarum
655 1703 790 1780 refugans
810 1706 961 1781 procellas,

378 1792 460 1850 Litus
482 1794 635 1851 ostendens
657 1793 712 1851 iter
734 1792 771 1851 ad
795 1792 932 1870 cupitum,

377 1876 496 1951 Gurgite
517 1879 547 1936 in
570 1884 651 1936 vasto
674 1894 740 1951 rege
762 1875 965 1952 naufragantes

418 1965 491 2037 Hoc,
514 1964 563 2036 pia
585 1970 686 2023 mater.

325 2103 353 2160 3.
376 2100 421 2158 Ea
444 2101 588 2175 peregrini
610 2099 727 2175 fragiles
746 2117 883 2175 vagamur

378 2186 434 2243 Per
457 2187 518 2245 vias
540 2188 638 2245 mundi
660 2186 771 2259 pedicis
794 2186 930 2257 repletas,

375 2269 499 2329 Subveni
522 2273 613 2345 lapso,
636 2271 769 2330 baculum
792 2271 906 2329 cadenti

418 2358 536 2431 Porrige
559 2359 700 2417 dextrum.

324 2496 354 2556 4.
377 2494 421 2552 Tu
443 2493 515 2567 ligas
539 2494 635 2568 dytem
657 2494 768 2553 baratri
789 2493 953 2570 superbum,

378 2578 507 2638 Conteris
529 2596 645 2639 saevum
668 2587 805 2653 caputet
828 2580 972 2656 draconis,

373 2664 451 2739 Ergo
470 2667 530 2739 iam
552 2666 643 2724 nostri
664 2666 803 2725 miserans
826 2672 921 2725 reatus

418 2752 540 2812 Vincula
562 2753 651 2814 solve.

323 2892 353 2950 5.
374 2890 558 2962 Quaesumus,
581 2888 672 2961 virgo,
696 2887 793 2947 faveas
815 2889 955 2962 precanti,

375 2973 481 3033 Gaudii
503 2979 616 3046 portam
639 2990 735 3033 resera
757 2974 879 3042 beatam,

375 3059 507 3133 Quaeque
530 3059 657 3132 digneris
679 3061 829 3134 paradisus
851 3059 935 3119 affert

417 3144 462 3202 'lu
485 3145 554 3204 dare
576 3143 668 3203 nobie.

325 3283 353 3341 6.
376 3280 431 3350 Qui
452 3279 527 3353 regit
548 3281 636 3339 cosmi
659 3279 853 3353 fabricamque
876 3281 970 3339 coelos

375 3364 468 3438 Gyrat
489 3366 631 3436 immotus,
655 3374 738 3440 pater
760 3373 858 3439 estque
880 3375 992 3442 gnatus,

376 3451 496 3510 Flamen
519 3458 572 3524 est,
595 3453 687 3510 trinus
709 3452 787 3510 Deus
809 3468 881 3509 uitus
905 3459 971 3509 aute

419 3535 539 3596 Saecula
561 3553 684 3609 semper.

139 3657 220 3705 Brev.
239 3648 412 3704 zamorauum
430 3656 492 3720 imp.
513 3651 586 3705 15³.
617 3674 620 3681 ·

446 3844 488 3900 70.
524 3843 555 3900 lu
573 3844 654 3902 lenta
671 3844 784 3902 Raearii
801 3844 879 3903 BlfV.

564 3983 608 4038 Aa
626 3984 765 4053 vesperas.

326 4127 354 4186 1.
378 4127 401 4187 0
422 4143 507 4200 quam
530 4125 676 4186 odorifero
699 4125 769 4185 flore
789 4126 926 4201 refragata,

378 4211 482 4285 Stirpis
505 4213 663 4272 Dauidicae
685 4210 787 4271 florida
809 4215 899 4287 virgo,

378 4297 471 4356 Castis
493 4298 651 4357 visceribus
674 4304 765 4357 mater
787 4300 911 4370 honoris,

376 4384 485 4444 Hortus
515 4385 683 4458 praeriguus
706 4385 883 4448 deliciarum.
