2918 4868
626 262 837 327 ..97-

558 463 609 521 141.
646 464 918 523 1101110101111110.

600 601 643 656 Ad
660 602 740 672 Vesp.
760 610 788 657 et
805 603 881 658 Noct.

148 743 176 802 l.
201 742 343 815 Hymnum
368 759 503 802 canamus
525 743 633 817 gloriae
764 746 792 804 3.
816 745 870 818 Qui
893 745 1000 819 duplex
1023 743 1076 803 luit
1101 747 1228 804 medicus

198 827 323 900 Christo,
346 829 395 900 qui
418 835 461 886 est
484 827 624 886 mirabilis
816 830 886 887 Tam
910 831 1038 903 corporis
1061 847 1145 903 quam
1168 833 1288 905 animae,

196 913 231 971 In
253 913 360 972 sanctis
383 914 452 989 suis,
475 914 561 972 hodie
817 915 912 976 Coelis
935 916 1026 974 claret
1045 915 1186 975 almificus

199 997 243 1056 Sit
265 997 348 1056 nobis
371 999 554 1061 exaudibilis.
815 1004 926 1073 Aegros
948 1017 1050 1059 curans
1072 1001 1227 1074 potissime.

145 1120 176 1179 2.
200 1119 259 1176 Iste
281 1133 387 1176 corona
409 1120 522 1193 gemina
761 1121 790 1177 4.
815 1119 938 1179 coelesti
960 1120 1149 1180 medicamine

200 1202 265 1261 Jam
289 1204 438 1261 coronavit
459 1203 597 1278 Blasium,
816 1205 971 1264 succurrat
991 1205 1074 1265 nobis
1097 1206 1219 1280 Blasius,

198 1287 287 1358 Quem
310 1288 348 1346 ad
370 1295 532 1348 sanctorum
554 1288 666 1361 agmina
816 1290 876 1349 Nos
898 1291 1040 1352 involutos
1063 1292 1182 1350 crimine

199 1373 370 1432 Transreait
394 1391 448 1448 per
468 1374 646 1448 martyrium.
816 1376 953 1435 Resolvat
975 1393 1050 1436 nunc
1072 1378 1222 1452 propitias.

502 1497 532 1555 5.
556 1493 618 1552 Deo
641 1493 773 1566 trinoque
795 1495 917 1567 simplici

555 1579 642 1651 111111,
666 1578 753 1636 decus
777 1585 862 1652 atque
884 1581 984 1654 gloria,

558 1664 615 1722 Per
638 1663 722 1736 hujus
744 1681 827 1737 opem
851 1666 955 1724 medici

555 1749 716 1809 Trahamur
737 1751 777 1809 ad
800 1750 943 1811 coelestia.

215 1869 291 1918 Brev.
314 1885 362 1918 ms.
385 1869 562 1919 Tirasonenae
589 1883 657 1917 saec.
683 1863 748 1917 η111.
773 1869 835 1920 Cod.
858 1870 942 1935 Capit.
966 1871 1120 1920 Tiraaonen.
1144 1887 1164 1918 a.
1187 1889 1212 1920 n.
1238 1873 1267 1920 Α.
1293 1898 1326 1906 -

143 1940 219 1988 Brev.
243 1953 290 1987 ms.
309 1938 466 1988 Toletanum
490 1952 557 1986 saec.
578 1933 618 1989 14.
646 1935 710 1987 Coa
729 1937 816 2003 Capit
834 1938 954 1988 Toletani
973 1934 1065 1988 33-6.
1084 1940 1113 1988 Β.
1133 1965 1164 1973 -
1184 1941 1259 1989 Brev.
1279 1957 1326 1990 ms.

143 2004 302 2056 Toletanum
320 2021 388 2056 11101.
410 2002 449 2056 15.
468 2004 530 2055 Cod.
549 2005 635 2071 Capit.
653 2005 775 2056 Toletani
794 2002 887 2057 33—9.
907 2007 935 2055 C.
955 2034 986 2042 -
999 2008 1074 2056 lirev.
1088 2007 1244 2057 Toletanum
1264 2010 1325 2072 imp.

141 2075 262 2124 Venetiis
290 2070 365 2124 1483.
392 2075 425 2124 D.
452 2103 484 2109 —
511 2075 587 2124 arev.
613 2073 771 2124 Toletanum
798 2077 859 2139 imp.
887 2075 1006 2125 Venetiis
1035 2072 1107 2124 1492.
1133 2075 1165 2124 E.
1190 2104 1221 2110 —
1248 2075 1324 2126 Brev.

139 2142 297 2192 Toletanum
321 2143 384 2208 imp.
402 2142 509 2261 Hisgali
536 2138 610 2193 1493.
629 2143 658 2192 F.
682 2169 715 2178 -
734 2144 809 2193 Brev.
835 2160 881 2194 ms.
899 2143 1056 2194 Toletannm
1078 2159 1145 2192 saec.
1165 2139 1232 2191 ¹⁴lrs.
1261 2144 1324 2195 cod.

140 2210 222 2261 Univ.
240 2210 374 2260 Matriten.
392 2207 451 2271 481
470 2207 598 2273 1-110.
618 2237 649 2244 -
665 2212 912 2263 11111.Το111111111111
930 2213 992 2277 imp.
1006 2210 1129 2277 Lugduni
1151 2208 1223 2262 1551.
1237 2213 1271 2262 H.
1289 2238 1322 2247 -

142 2276 166 2338 l,
187 2276 199 2328 l
219 2293 343 2330 canamus
360 2280 463 2344 gratiae
481 2279 514 2329 11.

550 2511 607 2569 141.
642 2511 681 2569 lla
702 2512 799 2568 sancto
816 2508 917 2567 illasio.

635 2667 678 2720 Ad
695 2666 811 2721 Laudes.

147 2829 173 2887 1.
200 2827 231 2884 ln
255 2826 410 2899 matutinis,
433 2827 562 2902 Domine,
760 2827 789 2887 8.
813 2825 869 2883 1110
891 2841 923 2883 se
944 2825 1094 2885 tormentis
1116 2825 1220 2883 obtulit

198 2914 303 2972 Vocem
326 2912 426 2970 demus
449 2912 642 2986 hymnidicam
812 2911 941 2970 Diversis
963 2916 1049 2983 atoue
1071 2910 1215 2984 gravibus,

198 2997 273 3070 Tibi,
296 2998 344 3070 qni
367 2998 460 3056 trinae
481 2998 630 3055 machinae
811 2998 890 3069 Quae
911 2995 1001 3071 gratis
1023 3013 1076 3068 pro
1096 3002 1124 3053 te
1147 2996 1267 3068 pertulit

196 3083 282 3157 aegis
304 3088 438 3156 potenter
459 3081 609 3144 fabricam.
813 3081 877 3139 Suis
898 3081 928 3139 in
950 3080 1084 3140 membris
1107 3080 1249 3143 omnibus.

141 3205 172 3264 2.
197 3201 271 3261 Nam
293 3202 351 3260 rim
375 3202 480 3262 dedisti
502 3201 598 3261 Blasio
758 3205 787 3262 4.
814 3201 868 3258 Per
891 3207 920 3258 te
943 3201 1023 3272 prius
1044 3199 1199 3259 virtutibus

198 3287 325 3347 Sanandi
349 3288 477 3347 membra
499 3287 643 3365 languida,
811 3288 845 3346 In
869 3291 964 3344 monte
984 3284 1066 3344 fulsit
1086 3292 1191 3357 terreo,

195 3373 283 3447 cnjus
305 3372 353 3445 pio
375 3372 509 3446 suffragio
813 3373 870 3430 Pro
892 3371 975 3429 nobis
997 3370 1035 3428 sit
1057 3370 1203 3429 exsulibus

199 3458 259 3517 Fac
281 3458 370 3517 corda
391 3465 489 3518 nostra
511 3459 613 3520 nitida.
815 3459 952 3516 Precator
973 3457 1002 3514 in
1024 3456 1167 3518 aethereo.

501 3581 530 3639 5.
556 3579 684 3651 Praesta,
707 3584 790 3650 pater
813 3576 949 3650 piissime,

553 3664 687 3723 Laudare
709 3678 795 3736 prece
815 3662 916 3721 sedula

554 3749 596 3806 Te
617 3755 784 3821 regnantem
806 3747 945 3806 latissime

553 3832 610 3891 Per
631 3832 810 3891 aaeculomm
832 3833 955 3895 saecula.

211 3954 285 4003 Bm.
308 3967 355 4002 ms.
379 3950 556 4002 Tirasonanse
582 3965 650 4001 sacc-
675 3947 741 4000 ιι111.
766 3951 830 4001 Cod.
855 3951 934 4016 Capit
962 3951 1116 4000 Tiraaoncn.
1142 3966 1161 3996 s.
1187 3965 1211 3997 n.
1237 3949 1267 3997 Λ.
1292 3977 1325 3984 -

143 4023 219 4071 Brev.
242 4037 289 4072 ma
307 4019 463 4071 Toletanum
486 4035 556 4070 saec.
578 4016 617 4070 14.
642 4018 704 4069 Cod.
724 4018 809 4085 Capit.
828 4019 949 4069 Toletani
969 4014 1061 4067 33-6.
1080 4018 1110 4066 Β.
1130 4044 1162 4051 -
1181 4018 1257 4069 Brev.
1277 4032 1324 4065 ins.

140 4089 297 4141 Toletannm
323 4103 391 4138 saec.
412 4084 450 4137 15.
471 4088 532 4137 Cod.
553 4089 638 4152 Capit
657 4087 779 4138 Toletani
798 4084 888 4137 33-9,
910 4086 938 4136 C.
958 4114 987 4121 υ
1009 4086 1084 4135 Brev.
1104 4101 1149 4133 ms.
1168 4085 1324 4135 Toletanum

139 4173 208 4208 saec
234 4154 300 4206 ¹⁴im.
323 4155 386 4207 Cod.
414 4155 494 4206 Univ.
521 4156 655 4205 Matriten.
680 4153 713 4205 48
735 4153 848 4216 (sa-lt
873 4157 905 4204 1),
931 4180 960 4188 -
988 4155 1061 4204 Brev.
1080 4153 1237 4203 Toletanurn
1262 4155 1323 4218 imp.

140 4226 261 4276 Venetia
281 4222 354 4277 1483.
372 4224 405 4275 Ε.
423 4252 458 4259 -
479 4225 551 4274 11101,
571 4225 726 4275 Toletanum
746 4226 808 4289 imp.
828 4225 945 4273 Venetiis
967 4219 1040 4272 1492.
1059 4224 1087 4272 F.
1107 4249 1141 4258 -
1161 4218 1322 4272 111011010-

140 4301 232 4345 tanum
251 4296 314 4357 imp.
332 4293 440 4359 Hispali
461 4289 534 4344 1493.
552 4294 583 4345 G.
601 4321 635 4330 -
653 4295 728 4342 Brev.
747 4293 903 4344 Toletannm
922 4295 985 4358 imp.
1003 4290 1125 4357 Lugduni
1146 4286 1272 4341 155111.
1293 4316 1320 4322 -’

139 4359 166 4425 4,
184 4358 202 4412 2
218 4361 295 4415 fulsit
311 4364 389 4414 tertio
408 4363 439 4415 Α.

193 4453 307 4500 Dreros.
319 4452 440 4505 flmuodia
452 4452 560 4496 Hiberica.
1155 4438 1170 4490 1
