2918 4868
609 263 816 324 ..49-

192 434 268 482 Brev.
292 450 339 482 ms.
364 434 511 483 Oxomense
537 451 605 484 saee.
632 432 671 484 15.
694 433 756 483 Cod.
776 435 862 498 Capit.
880 434 1007 486 Oromeu.
1031 453 1051 486 s.
1074 454 1099 486 u.
1118 436 1149 486 Δ.
1168 465 1203 474 -
1227 439 1302 489 Brev.

124 519 170 551 ms.
191 501 321 552 Oeulense
343 519 410 552 saec.
437 500 475 551 15.
495 503 558 553 Cod.
577 504 753 553 Matritenrl
780 499 836 552 174.
856 504 884 552 Β.
966 504 1041 553 Βτεν,
1067 521 1116 554 ma.
1135 507 1302 569 Hieronymi·

123 576 207 620 larum
226 572 287 619 anui
309 568 382 622 1463.
402 571 465 620 Ood.
484 573 617 621 Matriten.
639 571 661 620 A
684 569 738 621 169.
759 571 788 619 G.
808 600 839 606 -
860 572 934 622 Brev.
955 574 1005 622 FF.
1021 574 1046 622 S.
1061 575 1218 636 Hieronymi
1238 576 1300 638 imp.

123 639 244 706 Lugduni
268 637 339 689 1547.
358 641 391 688 D.
413 666 444 674 —
467 641 497 689 lu
520 638 539 689 l.
559 640 638 704 Vesp.
659 639 699 688 dd
718 641 806 703 Magn.
824 635 853 696 Α,
875 637 887 689 l
908 643 1012 706 egregio
1025 642 1077 690 ΑΒ.
1098 644 1170 690 -Iu
1191 639 1211 690 l.
1226 644 1301 691 Nor-t.

123 704 186 767 Α2,
205 705 221 756 2
239 709 351 772 quiescit
370 708 397 757 0.
421 734 452 742 —
475 705 548 757 1112.
569 708 642 756 Nost
662 703 682 756 Α
700 705 724 768 2,
742 704 760 757 3
778 708 854 769 Quod
874 715 901 758 tu
920 709 1021 759 duct).
1039 735 1073 745 -
1091 712 1122 759 ln
1141 706 1165 758 3.
1184 711 1259 758 Noet.
1282 705 1300 757 R

122 775 145 837 2,
167 773 198 826 12
216 793 257 825 me
276 775 340 826 fehlt
357 777 385 826 C.
413 803 446 811 -
467 777 532 826 Dies
551 776 671 826 Officium
689 777 726 825 ist
742 775 836 826 hdehnt
853 776 1071 828 wahrselreinlieh
1089 777 1229 828 italisehen
1250 779 1298 828 Ur·

121 861 240 910 sprunga.
277 846 320 894 Da
338 845 380 896 ioh
401 863 429 897 es
451 844 525 895 indes
542 861 593 895 nur
612 846 640 894 in
658 844 815 910 spaniseheu
829 845 941 907 Quollen
955 846 1092 912 gesundeu,
1111 863 1172 911 mag
1184 862 1212 896 es
1228 847 1300 896 dieue

121 914 203 966 Stello
223 914 378 979 belraupteu.

520 1180 556 1238 13.
593 1182 632 1237 lle
651 1183 750 1238 saneta
769 1179 907 1237 Barbare.

244 1364 285 1421 In
310 1362 337 1420 1.
360 1360 560 1432 vesperis.

286 1496 370 1561 Super
388 1495 516 1545 Psalmos.

856 1359 896 1417 In
922 1360 949 1418 1.
974 1358 1180 1422 Nocturno.

928 1493 1104 1558 Antiphonae.

118 1623 155 1678 A.
184 1619 290 1677 Ilulees
312 1616 410 1694 melos,
434 1615 517 1689 plebs
539 1616 642 1688 fidelis,
746 1618 773 1678 1.
798 1615 927 1674 Barbare
950 1614 1071 1688 pulchra
1092 1615 1186 1692 nimis,

224 1704 272 1763 dd
294 1703 348 1762 hoo
371 1701 474 1761 festum
498 1718 649 1781 praepara,

183 1789 274 1850 Utin
297 1789 384 1847 terris
406 1793 435 1846 et
457 1789 487 1847 in
510 1788 596 1847 caelis

228 1874 351 1934 Plaudet
373 1873 436 1945 tibi,
459 1872 598 1933 Barbara.

118 1961 153 2025 R.
186 1959 324 2031 Barbara,
348 1965 377 2017 te
399 1964 521 2032 poseant

224 2061 368 2119 proceres,
379 2045 440 2103 siue
452 2043 508 2102 fine
517 2051 678 2117 reposcunt,

180 2132 264 2205 Elige
286 2131 322 2190 de
344 2129 431 2202 mille,

225 2217 278 2275 tibi
308 2216 333 2274 si
354 2216 449 2289 placet
472 2216 527 2273 iste
549 2215 596 2273 vel
618 2214 676 2276 ille.

180 2303 224 2361 De
246 2301 359 2375 sponsis
381 2301 460 2359 mille

222 2388 291 2446 milri
307 2403 360 2445 nee
375 2387 470 2459 placet
485 2386 539 2443 iste
554 2401 607 2444 nec
617 2386 677 2458 ille,

118 2474 150 2535 V.
182 2475 279 2536 Ullum
302 2474 369 2531 nolo
391 2473 493 2543 virum,

222 2576 287 2617 uam
310 2575 445 2632 sponsum
460 2557 548 2631 diligo
563 2557 676 2633 mirum,

179 2644 296 2707 Cunctis
317 2644 485 2718 praelatum,

220 2730 365 2789 Christum
388 2729 424 2788 de
444 2729 554 2803 virgine
569 2736 675 2789 natum.

285 2901 325 2950 Ad
343 2900 503 2965 Magnifieat

113 3024 150 3085 A.
178 3023 312 3082 Gloriosa
336 3024 475 3095 Barbara,

217 3108 305 3181 Virgo
328 3108 389 3167 Deo
411 3116 502 3184 gralo,

176 3193 236 3251 Nos
258 3210 277 3251 a
298 3193 380 3252 malis
401 3210 503 3266 separa

217 3279 307 3336 Preoe
329 3278 391 3337 Deo
414 3280 480 3338 dala

174 3364 214 3422 Et
236 3364 274 3423 ad
297 3364 390 3422 coelos
413 3381 564 3442 praepara,

219 3450 335 3523 Martyr
357 3455 500 3509 coronata.

238 3674 290 3734 Ad
315 3675 558 3737 Matutinum.

296 3811 490 3861 Invitatorium.

176 3930 313 3990 Dulelom
333 3938 449 3991 nectare

219 4016 306 4075 Festa
326 4018 511 4091 celebremus,

177 4101 262 4160 Dulci
284 4120 388 4176 sponso
411 4105 566 4177 Barbarae,

222 4187 335 4247 Christo
354 4188 518 4261 jubilemus.

164 4294 275 4339 Dreros.
290 4294 408 4346 Hymuodia
422 4297 528 4340 lliberies.
548 4299 575 4340 11.

839 1701 922 1760 annis
945 1700 1059 1760 Christo
1083 1700 1151 1759 dala
1172 1702 1285 1781 primis,

797 1786 878 1847 Urbe
900 1785 955 1845 fuit
976 1792 1054 1858 nata,

839 1871 1009 1931 Nicomedia
1029 1887 1133 1946 nempe
1154 1880 1264 1935 vocata.

744 1979 773 2039 2.
797 1973 942 2034 Defuncto
965 1980 1057 2034 matre

839 2060 948 2119 Christi
971 2060 1128 2134 permensit
1147 2061 1273 2132 alumna,

795 2145 853 2206 Sub
877 2145 949 2205 duro
973 2150 1056 2219 patre

837 2230 905 2290 fidei
927 2231 1008 2304 quasi
1030 2229 1112 2290 firma
1134 2232 1273 2296 oolumna.

742 2339 769 2396 3.
794 2334 904 2393 Nomen
927 2332 1018 2406 patris
1041 2340 1103 2391 erat

836 2420 865 2478 in
889 2418 974 2494 plebe
996 2419 1159 2491 Diosoorus,
1184 2419 1261 2479 idem

793 2505 909 2566 Divitiis
931 2511 1066 2577 praeerat

836 2589 975 2664 parilibus
999 2591 1109 2649 cunetis
1131 2589 1248 2654 ibidem.

916 2777 1101 2841 Responaoria.

744 2899 773 2959 1.
795 2900 837 2957 nt
858 2904 941 2971 paler
962 2898 1079 2972 ignarus

834 2983 911 3055 fidei,
938 3001 1022 3057 quam
1044 2991 1113 3043 nale
1133 2985 1257 3058 tenebat,

793 3069 896 3143 Diligit
916 3075 948 3126 ut
971 3086 1053 3128 carus

836 3170 932 3213 euram
954 3159 1040 3227 prout
1061 3170 1124 3213 esse
1147 3156 1276 3231 decebat,

730 3242 763 3302 V.
795 3241 878 3299 Hune
900 3255 1011 3313 quoque
1033 3240 1175 3313 disposuit

838 3326 911 3384 turri
934 3325 1027 3383 celare
1050 3326 1194 3399 latentem,

790 3413 852 3485 Qua
875 3427 931 3468 non
954 3409 1106 3482 proposuit

834 3511 967 3569 generem
990 3494 1091 3554 dotare
1111 3504 1265 3569 potentem.

740 3599 768 3660 2.
792 3598 873 3656 Tune
895 3614 969 3671 aqua
992 3597 1029 3655 de
1051 3615 1131 3657 muro

835 3685 930 3757 eoepit
952 3684 1105 3742 decurrere
1129 3685 1210 3758 duro,

789 3772 814 3826 Α
838 3768 947 3841 plantis
973 3785 1084 3827 sursum

834 3852 943 3913 iaciens
955 3853 1016 3912 sine
1024 3855 1289 3929 marginoeursum;

728 3937 760 3993 V.
791 3939 850 3998 l'or
869 3957 900 3999 se
922 3939 1077 4013 mergendo

832 4026 1000 4099 signumque
1022 4025 1114 4084 erueis
1137 4024 1269 4085 iaciendo

790 4111 828 4171 Se
850 4110 1016 4184 baptizavit,

831 4195 868 4254 ab
891 4197 990 4255 eadem
1014 4195 1132 4254 erimine
1154 4196 1233 4255 lavit.
