2918 4868
612 275 758 342 -237
806 315 842 322 —

409 453 437 512 7.
461 452 566 512 Paulus
587 452 616 508 in
639 450 710 509 orbe
732 450 814 508 dedit
836 450 951 525 monita,

456 538 597 610 Dogmata
618 537 754 609 praeclue
771 535 910 611 salvifica,

456 621 602 682 Mentibus
625 623 702 680 unde
723 622 801 680 salus
824 621 921 692 rediit,

458 708 613 767 Commoda
636 712 738 766 cuncta
758 712 861 780 potens
882 706 991 780 tribuit,

458 794 552 852 Noxia
574 808 702 867 quaeque
724 793 823 851 velens
845 792 959 866 repulit..

401 969 430 1028 8.
452 964 609 1037 Discipulis
631 964 709 1022 Deus
731 968 832 1022 auctor
853 963 909 1023 ait:

451 1051 539 1121 Quem
563 1048 625 1108 iore
647 1065 701 1125 me,
723 1047 851 1107 referunt
872 1046 1022 1106 homines?

456 1136 570 1209 Vosque
592 1136 647 1193 mei
669 1136 777 1208 pietate
799 1150 908 1207 greges,

456 1220 560 1297 Dicite,
584 1221 653 1293 quid
675 1237 763 1293 super
785 1220 839 1277 boe
860 1220 975 1292 placeat

454 1307 559 1378 Quiete
581 1306 618 1364 de
640 1307 694 1365 boe
715 1306 763 1379 pie
784 1305 854 1378 quid
876 1304 992 1378 sapiam

408 1480 435 1540 9.
459 1481 562 1539 Petrus
580 1476 695 1547 abhinc,
719 1476 763 1533 cni
784 1491 857 1548 pura
877 1472 951 1532 fides

460 1563 576 1622 Eminet
597 1568 681 1622 aucta
703 1577 790 1635 super
810 1574 955 1636 proceres,

458 1649 571 1709 Primus
593 1649 631 1708 ad
653 1648 726 1707 baec
746 1645 925 1706 venerandus
947 1647 1004 1705 ait:

459 1734 552 1792 Filius
575 1750 605 1792 es
627 1733 719 1807 patris
740 1732 859 1806 ingeniti

456 1820 587 1880 Christus
609 1826 638 1878 et
659 1819 759 1878 unicus
781 1818 845 1890 ipse
867 1817 929 1878 Dei.

392 1993 441 2051 10.
464 1992 534 2050 Mox
557 1991 621 2064 pius
642 1997 742 2050 auctor
763 1993 801 2051 ad
824 1993 895 2051 baec
917 1989 1023 2049 iamnlo

460 2077 583 2135 Munera
607 2077 727 2135 contulit
749 2077 806 2137 ista
827 2094 892 2137 suo:

462 2164 537 2220 Vere
559 2162 659 2220 beatrn
681 2168 711 2219 et
730 2163 920 2236 boemones,

462 2251 549 2308 Patre
570 2247 646 2321 quod
669 2248 766 2306 iudice
789 2265 857 2308 vera
879 2246 980 2317 refers,

461 2333 515 2405 Qui
539 2333 688 2392 dominans
712 2350 800 2408 super
821 2340 900 2394 astra
921 2333 1011 2391 sedet.

395 2509 443 2569 11.
469 2508 563 2579 Atque
585 2506 680 2564 libens
702 2505 756 2564 tibi
779 2522 854 2565 nunc
877 2503 986 2565 refero:

467 2591 596 2665 Denique
617 2598 649 2650 tu
672 2593 773 2651 Petrus
796 2591 959 2663 osmonte,

467 2679 606 2750 llancque
628 2684 739 2750 petram
763 2693 850 2750 super
871 2679 934 2750 ipse
955 2693 1046 2733 meam

464 2764 604 2822 Construo
624 2761 754 2823 funditus
777 2763 935 2836 ecclesiam,

465 2850 554 2920 Quam
577 2848 640 2907 sine
660 2847 717 2907 fine
735 2849 859 2907 tenendo
881 2865 987 2923 regam.

394 3023 442 3082 12.
467 3020 591 3080 Nutibus
613 3021 730 3092 iusuper
751 3022 815 3093 ipse
836 3021 892 3079 tuis

467 3106 550 3165 Dedo
572 3106 725 3183 resolvere,
747 3121 874 3179 quaeque
895 3106 976 3177 velis,

466 3191 596 3250 Nexibus
618 3203 668 3250 aut
690 3191 813 3264 religare
834 3191 900 3263 tuis,

466 3277 507 3335 Te
529 3293 640 3352 qnoque
663 3276 791 3336 clavibus
812 3276 953 3336 aethereis

468 3363 599 3440 Manem,
622 3364 686 3438 qun
709 3363 756 3422 via
776 3361 809 3421 fit
830 3362 952 3435 superis.

397 3536 445 3594 13.
472 3533 600 3606 Denique
621 3533 723 3593 Saulus
745 3533 865 3591 inorbo
887 3529 985 3590 furens

472 3621 566 3692 Atque
587 3619 650 3692 pios
673 3620 802 3678 lacerare
825 3619 932 3690 volens,

470 3704 529 3763 Ceu
552 3703 613 3763 iera
635 3704 731 3763 bellua
753 3720 854 3763 cruore
876 3704 1003 3773 madens,

468 3790 587 3848 Lumine
609 3790 728 3848 territus
748 3789 882 3848 aethereo

470 3875 614 3934 Sternitur
636 3875 723 3934 orbus
746 3881 775 3933 et
796 3875 859 3947 ipse
880 3875 951 3933 solo.

397 4048 445 4107 14.
469 4045 614 4104 Sternitur
635 4045 739 4116 impios
761 4051 847 4117 atque
868 4061 984 4115 nocens,

469 4131 567 4204 Surgit
587 4130 693 4188 abhinc
713 4130 778 4203 pios
800 4137 886 4202 atque
907 4130 1014 4205 valens,

470 4216 602 4276 Extimus
623 4216 700 4275 inter
720 4215 892 4290 apostolicos

468 4302 521 4373 Qui
544 4299 639 4360 fuerat
661 4301 802 4361 veniendo
825 4301 935 4373 choros,

469 4384 583 4446 Primus
604 4388 670 4446 hinc
692 4386 809 4445 instruit
830 4400 893 4443 esse
914 4384 1029 4459 probos.
