2918 4868
607 260 840 325 -125-

265 441 320 499 Ad
343 437 584 500 Matutinum.
768 433 799 491 V.
827 433 883 492 Hie
905 449 978 506 puer
999 430 1132 504 antiquos

873 515 1022 592 praevenit
1041 533 1140 589 annos,

828 607 855 663 A
878 603 984 662 teneris
1007 601 1113 661 ducens

209 698 441 770 Omnipotentem
462 695 625 769 odoremus,
872 689 950 750 facte
971 688 1106 748 virorum.

253 781 418 841 minim
776 797 805 855 3.
827 792 912 852 Felix
931 792 1073 864 Toletum,

213 870 270 946 Qui
291 866 465 943 diffiififflvii
485 869 620 925 ³⁰7³ssin
871 877 976 936 meruit
987 893 1060 951 quae
1071 874 1173 933 tollere
1183 874 1326 932 alumnum

253 972 340 1015 soum
362 952 537 1026 fltfffllim·
825 965 958 1041 Tantam,
982 979 1037 1036 quo
1055 959 1215 1033 Hesperiae

870 1050 1055 1109 illustrentur
1077 1047 1173 1105 sidere
1188 1061 1283 1119 regnu.

829 1137 1012 1195 Praeclarum
1035 1132 1182 1205 templum,

709 1274 713 1290 ,
871 1237 927 1294 qno
948 1220 1032 1279 fluxit
1053 1217 1140 1283 curia
1154 1216 1225 1275 coeli

342 1309 519 1375 antiphonae.
829 1308 951 1381 Soleqae
972 1305 1095 1365 lucidius

869 1393 1021 1466 mediaque
1042 1391 1071 1450 in
1095 1392 1179 1448 nocte
1202 1385 1325 1446 refulsit.

765 1480 800 1539 V.
827 1479 939 1538 Felices
960 1483 1076 1554 gneum

871 1566 957 1624 talem
980 1577 1102 1637 genuere
1124 1563 1268 1632 parentes,

827 1654 916 1726 Quem
938 1649 1055 1709 Domini
1077 1647 1158 1720 virgo

871 1753 958 1809 super
979 1751 1077 1794 omnes
1097 1736 1189 1791 meter
1210 1729 1326 1791 amavit.

335 576 528 626 invitatorium.

267 1178 308 1236 In
334 1175 361 1236 l.
384 1173 591 1234 Nocturno.

162 1434 190 1493 1.
214 1433 271 1490 Hic
293 1430 409 1490 Domini
431 1431 524 1504 legem

254 1516 382 1576 servavit
402 1523 485 1575 nocte
508 1517 611 1590 dieque

214 1603 343 1663 Concilio
365 1608 394 1660 et
414 1602 567 1661 cathedras

256 1687 435 1748 confundens
458 1688 675 1749 haereticomm.

159 1812 189 1870 2.
212 1808 308 1869 Teleti
328 1808 450 1866 ecclesia

254 1894 390 1968 princeps
405 1898 569 1967 assumptas
585 1892 615 1951 iu
626 1893 711 1966 ulma,

213 1979 367 2039 Praedicat
386 1979 433 2036 hic
455 1978 584 2055 verbum,
881 1961 923 2021 In
946 1963 974 2021 2.
997 1957 1203 2018 Nocturno.

255 2064 323 2124 fidei
345 2066 482 2125 mandata
501 2065 612 2124 salutis.
956 2076 1133 2142 Antiphonaa.

161 2189 191 2246 3.
213 2185 378 2258 Agnoscent
402 2185 506 2262 cuncti,
778 2187 806 2246 1.
830 2187 964 2258 Ingresso
985 2181 1015 2240 in
1038 2180 1175 2254 templum

255 2269 393 2328 Dominus
408 2270 485 2343 quod
500 2270 622 2330 contulit
637 2270 711 2345 orbi,
871 2269 983 2329 calturo
1004 2265 1080 2326 feste
1102 2265 1214 2326 Mariae

213 2354 380 2416 Mirandum
402 2356 491 2430 gestis
566 2421 570 2426 ,
828 2355 961 2417 Occurrit
982 2354 1063 2426 virgo

253 2439 415 2515 Alfonsnm,
439 2442 572 2516 dogmate
593 2443 712 2507 chrum.
868 2441 970 2501 turmis
992 2440 1100 2513 stipata
1121 2438 1260 2511 polorum.

488 2615 494 2626 ¹
775 2548 804 2609 2.
828 2545 956 2619 Virginis
977 2543 1008 2602 ia
1031 2542 1144 2602 laudem

334 2612 522 2678 ¹³⁴³⁸P⁰¹¹⁸⁰¹¹³·
871 2644 1045 2709 oomponens
1063 2627 1126 2700 ipse
1147 2625 1269 2700 libellos,

161 2715 186 2775 1.
210 2716 267 2774 Hic
289 2722 333 2775 eet
353 2716 500 2797 alfonsus,
827 2718 900 2792 Ejus
921 2715 1091 2775 munditiem

253 2802 348 2861 Teleti
369 2805 594 2881 praesularem,
873 2802 1023 2863 foedantes
1045 2799 1168 2860 conterit
1189 2799 1294 2861 hostes.

212 2888 306 2948 vestit
327 2905 516 2988 quemosucro
776 2911 804 2971 3,
826 2911 905 2983 Quae
926 2912 1005 2965 tenet
1025 2905 1056 2964 iu
1079 2903 1166 2964 coelis

254 2980 378 3047 tessmfflf
400 2993 481 3049 ”180
504 2994 625 3051 pirensi
855 2992 970 3058 solium
991 2991 1090 3066 regina
1109 3004 1272 3066 supemnm,

211 3059 362 3118 Haeresim
385 3061 514 3120 Helvidii
827 3079 861 3139 111
884 3084 977 3137 terras
998 3075 1115 3136 veniens

253 3151 417 3218 fllflrssssiflffl
440 3152 468 3204 θῒ
490 3148 637 3209 J0Vississssi
870 3162 1023 3223 alfonsum
1047 3167 1127 3222 reste
1150 3160 1277 3219 decoret.

210 3229 352 3290 Funditus
375 3249 392 3291 a
414 3238 514 3292 nostra

255 3316 368 3389 depulit
388 3318 541 3391 Hesperia.
948 3333 1135 3401 Reaponaoria

148 3401 182 3459 V·
209 3403 243 3461 ¹¹¹
265 3408 350 3476 pann
372 3403 506 3504 mean,
611 3492 617 3505 ‚
776 3441 804 3501 1.
828 3441 939 3513 range
959 3437 1075 3499 alfonsi

252 3495 327 3563 post,
348 3497 416 3550 ante
438 3489 526 3551 fmsse
548 3493 682 3566 pudlcum
869 3525 1000 3584 modulos
1018 3525 1131 3598 patroni

210 3577 306 3648 Atque
327 3577 500 3674 genetricem
826 3610 955 3670 Armbus
977 3610 1067 3670 saeris

253 3662 403 3733 Dmedlffli
424 3679 487 3721 ²⁸⁸⁰
508 3663 572 3727 Dei·
869 3696 998 3769 locuples
1019 3697 1150 3770 zamora,

160 3784 189 3842 2.
212 3779 313 3838 Floret
333 3781 364 3840 in
386 3778 507 3841 Alionso
826 3782 913 3855 Cujus
935 3783 964 3840 in
987 3779 1062 3840 festo

254 3866 378 3925 candide
400 3867 475 3926 vitas
869 3869 970 3927 tumuli
992 3868 1030 3927 ad
1049 3868 1184 3927 sacellum

212 3951 250 4009 Et
272 3968 382 4009 morum
404 3953 541 4026 gravitas,
825 3952 924 4013 Turba
947 3970 1010 4013 cum
1032 3954 1145 4028 pompis

255 4037 340 4096 doctu
358 4038 502 4112 juventus,
868 4040 966 4100 renim
984 4039 1150 4113 colendnm;

211 4124 245 4182 ln
268 4124 347 4194 eujus
370 4125 450 4183 vulta
761 4129 796 4188 V.
823 4125 924 4185 Laude
944 4131 1096 4201 patronum

252 4223 363 4280 gemme
384 4211 512 4284 pudoris,
868 4217 982 4272 resonet
1002 4211 1131 4284 zamora,

211 4292 298 4365 Signa
320 4293 499 4370 refulgebant
825 4301 886 4373 Quo
908 4298 981 4357 nitet
1001 4313 1091 4369 snpra

253 4378 358 4439 indolis
380 4381 483 4445 almae.
868 4385 989 4458 populos
1011 4382 1145 4442 Hiberos.
