2918 4868
319 368 506 438 Respomoria.

145 498 172 558 l.
195 495 264 555 Saul
283 494 372 565 mille,

238 579 333 640 David
356 579 454 638 decem
476 578 555 638 milia

196 667 311 725 Dudum
334 671 452 724 cantans

238 752 288 810 dat
309 750 499 823 Jemsolymu,

194 838 296 896 Totum
320 835 390 895 felix

239 923 310 981 haec
330 921 417 981 habet
438 920 554 991 Ursula,

195 1008 270 1067 Dum
294 1007 437 1083 degente

236 1094 306 1167 legit
327 1099 386 1151 tam
408 1090 530 1164 perfida,

195 1180 283 1242 coelo
304 1178 393 1236 mittit

237 1263 352 1323 undena
373 1263 462 1324 milia

134 1353 163 1410 V.
195 1350 243 1409 Ad
267 1349 318 1408 has
341 1354 459 1408 currunt

241 1435 384 1494 coelorum
405 1433 528 1508 agmina,

198 1521 302 1580 Laetam
325 1520 433 1579 ducunt

239 1607 277 1665 ad
300 1606 380 1679 regni
402 1605 515 1679 gaudia.

144 1799 173 1856 2.
194 1794 308 1854 Pollens
331 1792 389 1851 tide

239 1894 405 1952 mommque
426 1880 519 1954 gratia

197 1966 288 2026 Ornat
309 1964 444 2023 mnndum

242 2051 374 2109 coelestis
395 2049 511 2121 Ursule,

203 2136 279 2194 Vicit
300 2135 408 2194 coelum

244 2222 356 2295 palmae
378 2221 508 2290 victoria,

198 2309 292 2366 Intrat
314 2307 418 2366 victrix

242 2392 384 2451 coelorum
404 2393 513 2464 limina,

200 2478 288 2537 Videt
310 2475 390 2549 felix,

240 2563 367 2639 accingit
387 2563 496 2634 intima,

202 2649 303 2708 Secum
325 2649 432 2707 ducens

244 2733 360 2793 undena
381 2734 469 2792 milia

138 2823 174 2885 V.
201 2819 400 2893 Dispcnnntur

244 2906 273 2963 in
296 2905 370 2963 coeli
392 2905 471 2963 curia

204 2990 263 3054 Sub
285 2990 384 3065 regina

245 3094 299 3151 pro
321 3076 396 3150 regis
418 3076 519 3150 gloria.

149 3272 178 3329 3.
201 3268 225 3328 0
248 3282 353 3340 sagena
374 3264 499 3338 pietalis,

205 3353 268 3424 Qua
288 3350 410 3424 piscaris
433 3355 535 3408 cuncta
555 3349 644 3421 gratis

247 3438 362 3496 Intraua
384 3444 484 3495 nostra
504 3433 603 3509 maria,

203 3523 257 3597 Qui
276 3524 336 3594 jam
358 3520 462 3580 mentia
484 3517 644 3589 infuscatis,

204 3608 344 3668 claustris
367 3608 462 3666 carnis
483 3604 634 3663 desiccatis

248 3694 334 3753 Lucis
357 3691 448 3752 trahis
469 3691 539 3763 lilia,

206 3781 253 3838 Ad
276 3784 306 3836 te
329 3778 419 3852 ducis,
442 3782 542 3836 auctor
561 3774 651 3849 pacis,

205 3864 322 3923 Sursum
346 3862 416 3923 lacis
438 3860 618 3936 praeparatis

245 3951 326 4009 Haec
349 3949 489 4022 virginum
511 3946 607 4024 milia3

141 4037 176 4099 V.
202 4035 293 4095 Nobis
315 4034 431 4093 tandem
451 4033 519 4091 hinc
540 4031 648 4090 vocatis

205 4121 313 4180 Mentis
336 4120 461 4179 claustro
483 4117 630 4175 collocatis

247 4207 342 4280 Mitte,
365 4205 452 4276 Deus,
478 4203 581 4264 omnia.

683 195 746 260 lac
788 230 827 242 -

893 367 935 426 In
957 363 1180 426 Laudibus.

939 483 1120 550 antiphonae.

747 594 786 653 Δ1.
809 591 904 651 Adest
925 590 1004 652 Ursa

853 677 945 749 major
967 681 995 732 et
1017 672 1148 747 minima,

809 765 886 836 Quae
908 760 1051 820 coelorum

851 846 970 921 attingit
991 843 1096 916 media,

810 933 858 992 Ad
880 948 965 1006 quam
988 935 1108 989 currunt

853 1018 968 1077 undena
990 1015 1078 1076 milia.

759 1126 787 1185 2.
810 1124 892 1183 Haec
913 1127 971 1180 stat
991 1133 1104 1178 sursum

853 1207 996 1280 attingens
1016 1203 1128 1273 ultima,

811 1290 894 1353 Infra
915 1292 995 1368 latet,

854 1380 921 1437 dnm
942 1377 1047 1435 lustrat
1067 1372 1181 1445 infima,

812 1465 919 1524 Forma
937 1461 1023 1534 justis

855 1565 930 1608 nuuc
952 1547 1024 1621 ipsis
1045 1544 1140 1605 obvia.

760 1655 789 1716 3.
812 1652 893 1711 Heec
915 1648 1047 1708 coelestis
1069 1663 1185 1705 sursum
1211 1646 1278 1707 latu

813 1736 915 1796 choris
937 1735 1026 1794 tantia
1047 1739 1091 1791 est
1112 1733 1257 1805 praelata

855 1820 1012 1895 virginalis
1034 1818 1152 1893 gloriae.

761 1931 790 1988 4.
813 1924 971 1986 Benedicta
990 1922 1033 1983 sic
1055 1921 1148 1981 ditata

813 2013 907 2070 Intrat
928 2008 1038 2067 coelum
1061 2012 1203 2066 coronata

856 2097 927 2157 Cum
949 2094 1047 2168 palma
1065 2092 1219 2151 rictorlam

763 2206 792 2262 5.
815 2198 990 2273 Angelorum
1012 2196 1112 2255 laudes
1134 2194 1259 2269 dautur,

814 2285 889 2343 Dum
908 2283 984 2341 huuc
1006 2287 1117 2340 coetum
1136 2281 1334 2342 admiruntur

857 2371 952 2443 Supra
973 2368 1068 2426 caelas
1088 2365 1244 2426 scandere

923 2503 964 2553 Ad
982 2501 1148 2554 Benedictus.

751 2613 789 2677 Δ.
812 2610 985 2669 Benedictus
1007 2606 1201 2681 triumphator

858 2694 979 2754 [instilis
1002 2693 1154 2766 nequitiae,

818 2781 980 2855 Legialatcr
1001 2784 1029 2837 et
1051 2778 1206 2837 mundator

860 2865 961 2926 Carnis
981 2863 1187 2933 immunditiae,

817 2952 924 3012 Mentis
946 2950 1031 3010 dator
1052 2955 1082 3007 et
1103 2954 1216 3008 amator

858 3035 995 3097 Mentalis
1017 3034 1184 3107 munditiae,

819 3125 876 3184 Pcr
896 3122 948 3182 has
970 3128 1085 3181 sanctas
1102 3121 1149 3192 da,
1179 3120 1325 3195 salvator,

861 3207 953 3267 Nobis
974 3222 1092 3281 regnum
1113 3206 1232 3282 gloriae.

879 3380 921 3438 In
944 3382 973 3440 2.
997 3377 1193 3451 vesperis.

925 3497 966 3548 Ad
983 3493 1145 3563 Magnificat.

756 3606 792 3664 A.
816 3603 950 3677 Magnum
973 3601 1080 3660 mundo
1102 3601 1266 3676 prodigium

862 3689 945 3749 Fecit
967 3688 1059 3746 virtus
1082 3674 1240 3764 victor-iae)

818 3774 892 3833 Dum
916 3790 982 3832 cara
1004 3773 1094 3832 vincit
1114 3773 1243 3847 gladium

861 3860 1002 3933 Mensquc
1023 3859 1116 3917 scelus
1138 3858 1277 3935 invidiae,

820 3947 876 4006 Per
895 3946 1009 4018 longum
1030 3960 1129 4003 cursus
1151 3944 1277 4004 stadium

863 4030 967 4089 Coetus
989 4030 1073 4102 huius
1095 4027 1231 4102 familiae,

820 4117 877 4175 Per
899 4116 1001 4175 durum
1023 4123 1081 4174 tam
1103 4116 1273 4190 martyrium

864 4201 983 4260 Scaudit
1004 4202 1041 4260 ad
1065 4218 1182 4277 regnum
1201 4202 1322 4276 gloriae.
