<?xml version="1.0" encoding="UTF-8"?>
<!DOCTYPE html PUBLIC "-//W3C//DTD XHTML 1.0 Transitional//EN"
    "http://www.w3.org/TR/xhtml1/DTD/xhtml1-transitional.dtd">
<html xmlns="http://www.w3.org/1999/xhtml" xml:lang="en" lang="en">
 <head>
  <title>
</title>
<meta http-equiv="Content-Type" content="text/html;charset=utf-8" />
  <meta name='ocr-system' content='tesseract 3.04.00' />
  <meta name='ocr-capabilities' content='ocr_page ocr_carea ocr_par ocr_line ocrx_word'/>
</head>
<body>
  <div class='ocr_page' id='page_1' title='image "./hymnodiahiberic00drevgoog_0146.png"; bbox 0 0 2918 4868; ppageno 0'>
   <div class='ocr_carea' id='block_1_1' title="bbox 631 290 862 358">
    <p class='ocr_par' dir='ltr' id='par_1_1' title="bbox 631 290 862 358">
     <span class='ocr_line' id='line_1_1' title="bbox 631 290 862 358; baseline -0.009 0"><span class='ocrx_word' id='word_1_1' title='bbox 631 290 862 358; x_wconf 78' lang='lat'>—189-</span> 
     </span>
    </p>
   </div>
   <div class='ocr_carea' id='block_1_2' title="bbox 530 493 937 687">
    <p class='ocr_par' dir='ltr' id='par_1_2' title="bbox 530 493 937 687">
     <span class='ocr_line' id='line_1_2' title="bbox 530 493 937 554; baseline 0 -3"><span class='ocrx_word' id='word_1_2' title='bbox 530 494 589 552; x_wconf 80' lang='grc'><strong>221.</strong></span> <span class='ocrx_word' id='word_1_3' title='bbox 625 493 665 552; x_wconf 80' lang='lat' dir='ltr'>lle</span> <span class='ocrx_word' id='word_1_4' title='bbox 682 496 779 553; x_wconf 72' lang='grc'><strong>001010</strong></span> <span class='ocrx_word' id='word_1_5' title='bbox 798 493 937 554; x_wconf 84' lang='lat' dir='ltr'>Gabriele.</span> 
     </span>
     <span class='ocr_line' id='line_1_3' title="bbox 643 616 844 687; baseline 0.005 -15"><span class='ocrx_word' id='word_1_6' title='bbox 643 616 687 672; x_wconf 83' lang='lat' dir='ltr'>Ad</span> <span class='ocrx_word' id='word_1_7' title='bbox 703 617 844 687; x_wconf 84' lang='lat' dir='ltr'>Vesperas.</span> 
     </span>
    </p>
   </div>
   <div class='ocr_carea' id='block_1_3' title="bbox 155 757 1265 1091">
    <p class='ocr_par' dir='ltr' id='par_1_3' title="bbox 155 757 1265 1091">
     <span class='ocr_line' id='line_1_4' title="bbox 155 757 1263 831; baseline 0.001 -14"><span class='ocrx_word' id='word_1_8' title='bbox 155 758 186 817; x_wconf 91' lang='lat'>1.</span> <span class='ocrx_word' id='word_1_9' title='bbox 211 757 362 817; x_wconf 83' lang='lat' dir='ltr'>Collaudat</span> <span class='ocrx_word' id='word_1_10' title='bbox 385 758 469 831; x_wconf 91' lang='lat' dir='ltr'>plebs</span> <span class='ocrx_word' id='word_1_11' title='bbox 492 758 617 817; x_wconf 88' lang='lat' dir='ltr'>fidelium</span> <span class='ocrx_word' id='word_1_12' title='bbox 771 762 801 820; x_wconf 92' lang='lat'>4.</span> <span class='ocrx_word' id='word_1_13' title='bbox 829 761 899 818; x_wconf 85' lang='lat' dir='ltr'>Post</span> <span class='ocrx_word' id='word_1_14' title='bbox 920 761 991 819; x_wconf 90' lang='lat' dir='ltr'>haec</span> <span class='ocrx_word' id='word_1_15' title='bbox 1011 761 1119 819; x_wconf 75' lang='grc'><strong>0010101</strong></span> <span class='ocrx_word' id='word_1_16' title='bbox 1141 760 1263 818; x_wconf 90' lang='lat' dir='ltr'>dulciter</span> 
     </span>
     <span class='ocr_line' id='line_1_5' title="bbox 209 843 1222 922; baseline 0.004 -21"><span class='ocrx_word' id='word_1_17' title='bbox 209 843 255 901; x_wconf 84' lang='lat' dir='ltr'>Ex</span> <span class='ocrx_word' id='word_1_18' title='bbox 278 845 346 903; x_wconf 87' lang='lat' dir='ltr'>totis</span> <span class='ocrx_word' id='word_1_19' title='bbox 368 844 427 902; x_wconf 90' lang='lat' dir='ltr'>suis</span> <span class='ocrx_word' id='word_1_20' title='bbox 451 844 559 904; x_wconf 90' lang='lat' dir='ltr'>viribus</span> <span class='ocrx_word' id='word_1_21' title='bbox 824 847 870 905; x_wconf 84' lang='lat' dir='ltr'>Ex</span> <span class='ocrx_word' id='word_1_22' title='bbox 892 852 975 919; x_wconf 87' lang='lat' dir='ltr'>parte</span> <span class='ocrx_word' id='word_1_23' title='bbox 997 846 1051 905; x_wconf 90' lang='lat' dir='ltr'>Dei</span> <span class='ocrx_word' id='word_1_24' title='bbox 1074 847 1222 922; x_wconf 86' lang='lat' dir='ltr'>virginem,</span> 
     </span>
     <span class='ocr_line' id='line_1_6' title="bbox 207 928 1265 1005; baseline 0.003 -19"><span class='ocrx_word' id='word_1_25' title='bbox 207 928 375 987; x_wconf 80' lang='lat' dir='ltr'>Gabrielem</span> <span class='ocrx_word' id='word_1_26' title='bbox 397 931 550 1004; x_wconf 87' lang='lat' dir='ltr'>egregium,</span> <span class='ocrx_word' id='word_1_27' title='bbox 823 932 901 1003; x_wconf 78' lang='lat' dir='ltr'>Quae</span> <span class='ocrx_word' id='word_1_28' title='bbox 924 932 979 990; x_wconf 89' lang='lat' dir='ltr'>sibi</span> <span class='ocrx_word' id='word_1_29' title='bbox 1000 931 1120 990; x_wconf 89' lang='lat' dir='ltr'>credens</span> <span class='ocrx_word' id='word_1_30' title='bbox 1141 932 1265 1005; x_wconf 80' lang='lat' dir='ltr'>pleniter</span> 
     </span>
     <span class='ocr_line' id='line_1_7' title="bbox 207 1014 1237 1091; baseline 0.007 -19"><span class='ocrx_word' id='word_1_31' title='bbox 207 1014 385 1088; x_wconf 83' lang='lat' dir='ltr'>Regnantem</span> <span class='ocrx_word' id='word_1_32' title='bbox 406 1016 436 1074; x_wconf 93' lang='lat' dir='ltr'>in</span> <span class='ocrx_word' id='word_1_33' title='bbox 456 1016 639 1078; x_wconf 87' lang='lat' dir='ltr'>coelestibus.</span> <span class='ocrx_word' id='word_1_34' title='bbox 823 1017 860 1075; x_wconf 89' lang='lat' dir='ltr'>El</span> <span class='ocrx_word' id='word_1_35' title='bbox 884 1017 1014 1091; x_wconf 82' lang='lat' dir='ltr'>concepit</span> <span class='ocrx_word' id='word_1_36' title='bbox 1034 1023 1063 1076; x_wconf 94' lang='lat' dir='ltr'>et</span> <span class='ocrx_word' id='word_1_37' title='bbox 1085 1018 1237 1080; x_wconf 88' lang='lat' dir='ltr'>hominem.</span> 
     </span>
    </p>
   </div>
   <div class='ocr_carea' id='block_1_4' title="bbox 157 1134 1259 1466">
    <p class='ocr_par' dir='ltr' id='par_1_4' title="bbox 157 1134 1259 1466">
     <span class='ocr_line' id='line_1_8' title="bbox 157 1134 1219 1207; baseline 0.002 -14"><span class='ocrx_word' id='word_1_38' title='bbox 157 1136 186 1193; x_wconf 84' lang='lat'>2.</span> <span class='ocrx_word' id='word_1_39' title='bbox 210 1134 359 1193; x_wconf 81' lang='lat' dir='ltr'>Danielem</span> <span class='ocrx_word' id='word_1_40' title='bbox 382 1135 430 1193; x_wconf 93' lang='lat' dir='ltr'>hic</span> <span class='ocrx_word' id='word_1_41' title='bbox 452 1136 547 1194; x_wconf 91' lang='lat' dir='ltr'>docuit</span> <span class='ocrx_word' id='word_1_42' title='bbox 771 1141 800 1197; x_wconf 83' lang='lat'>5.</span> <span class='ocrx_word' id='word_1_43' title='bbox 822 1136 876 1207; x_wconf 80' lang='lat' dir='ltr'>Qui</span> <span class='ocrx_word' id='word_1_44' title='bbox 899 1137 995 1195; x_wconf 89' lang='lat' dir='ltr'>clauso</span> <span class='ocrx_word' id='word_1_45' title='bbox 1016 1137 1116 1194; x_wconf 86' lang='lat' dir='ltr'>matris</span> <span class='ocrx_word' id='word_1_46' title='bbox 1138 1141 1219 1195; x_wconf 90' lang='lat' dir='ltr'>utero</span> 
     </span>
     <span class='ocr_line' id='line_1_9' title="bbox 207 1219 1250 1298; baseline 0.004 -21"><span class='ocrx_word' id='word_1_47' title='bbox 207 1219 317 1279; x_wconf 87' lang='lat' dir='ltr'>Futura</span> <span class='ocrx_word' id='word_1_48' title='bbox 339 1221 415 1280; x_wconf 91' lang='lat' dir='ltr'>mala</span> <span class='ocrx_word' id='word_1_49' title='bbox 437 1237 564 1298; x_wconf 90' lang='lat' dir='ltr'>noscere,</span> <span class='ocrx_word' id='word_1_50' title='bbox 823 1221 925 1298; x_wconf 87' lang='lat' dir='ltr'>Natus,</span> <span class='ocrx_word' id='word_1_51' title='bbox 949 1239 1059 1295; x_wconf 89' lang='lat' dir='ltr'>passus,</span> <span class='ocrx_word' id='word_1_52' title='bbox 1083 1221 1250 1294; x_wconf 84' lang='lat' dir='ltr'>pestiferum</span> 
     </span>
     <span class='ocr_line' id='line_1_10' title="bbox 207 1305 1231 1380; baseline 0.005 -18"><span class='ocrx_word' id='word_1_53' title='bbox 207 1305 363 1364; x_wconf 77' lang='lat' dir='ltr'>Zachariae</span> <span class='ocrx_word' id='word_1_54' title='bbox 385 1308 518 1380; x_wconf 85' lang='lat' dir='ltr'>exposuit</span> <span class='ocrx_word' id='word_1_55' title='bbox 822 1308 927 1367; x_wconf 89' lang='lat' dir='ltr'>Orcum</span> <span class='ocrx_word' id='word_1_56' title='bbox 948 1308 1083 1380; x_wconf 86' lang='lat' dir='ltr'>privavit,</span> <span class='ocrx_word' id='word_1_57' title='bbox 1107 1307 1231 1367; x_wconf 87' lang='lat' dir='ltr'>Cerbero</span> 
     </span>
     <span class='ocr_line' id='line_1_11' title="bbox 209 1391 1259 1466; baseline 0.002 -18"><span class='ocrx_word' id='word_1_58' title='bbox 209 1391 357 1465; x_wconf 83' lang='lat' dir='ltr'>Ingentem</span> <span class='ocrx_word' id='word_1_59' title='bbox 380 1393 490 1465; x_wconf 89' lang='lat' dir='ltr'>prolem</span> <span class='ocrx_word' id='word_1_60' title='bbox 512 1392 637 1466; x_wconf 77' lang='lat' dir='ltr'>gignere.</span> <span class='ocrx_word' id='word_1_61' title='bbox 823 1394 911 1453; x_wconf 87' lang='lat' dir='ltr'>Posse</span> <span class='ocrx_word' id='word_1_62' title='bbox 934 1393 1037 1453; x_wconf 88' lang='lat' dir='ltr'>tollens</span> <span class='ocrx_word' id='word_1_63' title='bbox 1061 1392 1259 1453; x_wconf 88' lang='lat' dir='ltr'>damniierum.</span> 
     </span>
    </p>
   </div>
   <div class='ocr_carea' id='block_1_5' title="bbox 155 1510 1209 1843">
    <p class='ocr_par' dir='ltr' id='par_1_5' title="bbox 155 1510 1209 1843">
     <span class='ocr_line' id='line_1_12' title="bbox 155 1510 1209 1585; baseline 0.001 -14"><span class='ocrx_word' id='word_1_64' title='bbox 155 1514 183 1572; x_wconf 89' lang='lat'>3.</span> <span class='ocrx_word' id='word_1_65' title='bbox 207 1510 264 1569; x_wconf 88' lang='lat' dir='ltr'>Sed</span> <span class='ocrx_word' id='word_1_66' title='bbox 287 1512 353 1585; x_wconf 90' lang='lat' dir='ltr'>quia</span> <span class='ocrx_word' id='word_1_67' title='bbox 376 1510 432 1569; x_wconf 83' lang='grc'><strong>1011</strong></span> <span class='ocrx_word' id='word_1_68' title='bbox 456 1512 557 1571; x_wconf 89' lang='lat' dir='ltr'>dubius</span> <span class='ocrx_word' id='word_1_69' title='bbox 771 1513 799 1572; x_wconf 87' lang='lat'>6.</span> <span class='ocrx_word' id='word_1_70' title='bbox 823 1511 900 1571; x_wconf 78' lang='grc'><strong>1000</strong></span> <span class='ocrx_word' id='word_1_71' title='bbox 923 1512 985 1570; x_wconf 88' lang='lat' dir='ltr'>Deo</span> <span class='ocrx_word' id='word_1_72' title='bbox 1007 1512 1045 1569; x_wconf 89' lang='lat' dir='ltr'>sit</span> <span class='ocrx_word' id='word_1_73' title='bbox 1067 1518 1096 1569; x_wconf 90' lang='lat' dir='ltr'>et</span> <span class='ocrx_word' id='word_1_74' title='bbox 1118 1512 1209 1585; x_wconf 90' lang='lat' dir='ltr'>gloria</span> 
     </span>
     <span class='ocr_line' id='line_1_13' title="bbox 206 1596 1171 1672; baseline 0 -17"><span class='ocrx_word' id='word_1_75' title='bbox 206 1596 247 1655; x_wconf 86' lang='lat' dir='ltr'>Et</span> <span class='ocrx_word' id='word_1_76' title='bbox 267 1614 406 1670; x_wconf 87' lang='lat' dir='ltr'>quaerens</span> <span class='ocrx_word' id='word_1_77' title='bbox 428 1599 539 1672; x_wconf 87' lang='lat' dir='ltr'>signum</span> <span class='ocrx_word' id='word_1_78' title='bbox 561 1597 634 1670; x_wconf 89' lang='lat' dir='ltr'>fieri,</span> <span class='ocrx_word' id='word_1_79' title='bbox 824 1598 880 1655; x_wconf 93' lang='lat' dir='ltr'>Pro</span> <span class='ocrx_word' id='word_1_80' title='bbox 903 1596 1039 1656; x_wconf 86' lang='lat' dir='ltr'>Gabriele</span> <span class='ocrx_word' id='word_1_81' title='bbox 1060 1599 1171 1671; x_wconf 90' lang='lat' dir='ltr'>angelo,</span> 
     </span>
     <span class='ocr_line' id='line_1_14' title="bbox 205 1682 1182 1755; baseline 0 -13"><span class='ocrx_word' id='word_1_82' title='bbox 205 1683 244 1742; x_wconf 90' lang='lat' dir='ltr'>Os</span> <span class='ocrx_word' id='word_1_83' title='bbox 266 1683 321 1741; x_wconf 92' lang='lat' dir='ltr'>sibi</span> <span class='ocrx_word' id='word_1_84' title='bbox 343 1684 454 1755; x_wconf 88' lang='lat' dir='ltr'>clausit,</span> <span class='ocrx_word' id='word_1_85' title='bbox 481 1685 571 1742; x_wconf 90' lang='lat' dir='ltr'>satius</span> <span class='ocrx_word' id='word_1_86' title='bbox 822 1682 910 1755; x_wconf 85' lang='lat' dir='ltr'>Cujus</span> <span class='ocrx_word' id='word_1_87' title='bbox 933 1683 1025 1742; x_wconf 89' lang='lat' dir='ltr'>dulcis</span> <span class='ocrx_word' id='word_1_88' title='bbox 1045 1684 1182 1742; x_wconf 88' lang='lat' dir='ltr'>memoria</span> 
     </span>
     <span class='ocr_line' id='line_1_15' title="bbox 209 1768 1148 1843; baseline 0.001 -17"><span class='ocrx_word' id='word_1_89' title='bbox 209 1770 299 1830; x_wconf 90' lang='lat' dir='ltr'>Usum</span> <span class='ocrx_word' id='word_1_90' title='bbox 322 1778 388 1843; x_wconf 87' lang='lat' dir='ltr'>post</span> <span class='ocrx_word' id='word_1_91' title='bbox 409 1775 502 1828; x_wconf 88' lang='lat' dir='ltr'>ortum</span> <span class='ocrx_word' id='word_1_92' title='bbox 525 1770 616 1842; x_wconf 90' lang='lat' dir='ltr'>pueri.</span> <span class='ocrx_word' id='word_1_93' title='bbox 821 1768 974 1827; x_wconf 84' lang='lat' dir='ltr'>Exaltetur</span> <span class='ocrx_word' id='word_1_94' title='bbox 995 1770 1025 1826; x_wconf 91' lang='lat' dir='ltr'>in</span> <span class='ocrx_word' id='word_1_95' title='bbox 1047 1769 1148 1842; x_wconf 89' lang='lat' dir='ltr'>gloria.</span> 
     </span>
    </p>
   </div>
   <div class='ocr_carea' id='block_1_6' title="bbox 150 1901 1334 2381">
    <p class='ocr_par' dir='ltr' id='par_1_6' title="bbox 150 1901 1334 2381">
     <span class='ocr_line' id='line_1_16' title="bbox 222 1901 1333 1968; baseline -0.001 -14"><span class='ocrx_word' id='word_1_96' title='bbox 222 1906 297 1954; x_wconf 76' lang='lat' dir='ltr'>Brea.</span> <span class='ocrx_word' id='word_1_97' title='bbox 321 1919 368 1953; x_wconf 91' lang='lat' dir='ltr'>ms.</span> <span class='ocrx_word' id='word_1_98' title='bbox 388 1906 582 1954; x_wconf 82' lang='lat' dir='ltr'>Barcinonense</span> <span class='ocrx_word' id='word_1_99' title='bbox 605 1919 672 1954; x_wconf 88' lang='lat' dir='ltr'>saec.</span> <span class='ocrx_word' id='word_1_100' title='bbox 700 1901 739 1953; x_wconf 89' lang='lat'>15.</span> <span class='ocrx_word' id='word_1_101' title='bbox 758 1903 821 1953; x_wconf 85' lang='lat' dir='ltr'>Cod.</span> <span class='ocrx_word' id='word_1_102' title='bbox 841 1904 927 1968; x_wconf 78' lang='lat' dir='ltr'>Capit.</span> <span class='ocrx_word' id='word_1_103' title='bbox 945 1905 1036 1954; x_wconf 91' lang='lat' dir='ltr'>Vicen.</span> <span class='ocrx_word' id='word_1_104' title='bbox 1056 1903 1123 1953; x_wconf 86' lang='lat' dir='ltr'>clx.</span> <span class='ocrx_word' id='word_1_105' title='bbox 1142 1905 1172 1952; x_wconf 82' lang='grc' dir='ltr'>Α.</span> <span class='ocrx_word' id='word_1_106' title='bbox 1197 1931 1231 1939; x_wconf 98' lang='grc'>-</span> <span class='ocrx_word' id='word_1_107' title='bbox 1257 1906 1333 1955; x_wconf 86' lang='lat' dir='ltr'>Brev.</span> 
     </span>
     <span class='ocr_line' id='line_1_17' title="bbox 151 1969 1333 2039; baseline 0.002 -18"><span class='ocrx_word' id='word_1_108' title='bbox 151 1973 350 2022; x_wconf 80' lang='lat' dir='ltr'>Tarraconense</span> <span class='ocrx_word' id='word_1_109' title='bbox 376 1975 438 2038; x_wconf 89' lang='lat' dir='ltr'>imp.</span> <span class='ocrx_word' id='word_1_110' title='bbox 458 1974 621 2023; x_wconf 86' lang='lat' dir='ltr'>Barcinonae</span> <span class='ocrx_word' id='word_1_111' title='bbox 648 1969 721 2022; x_wconf 87' lang='grc'><strong>1484.</strong></span> <span class='ocrx_word' id='word_1_112' title='bbox 740 1974 770 2023; x_wconf 89' lang='grc' dir='ltr'>Β.</span> <span class='ocrx_word' id='word_1_113' title='bbox 795 1997 828 2006; x_wconf 84' lang='lat'>-·</span> <span class='ocrx_word' id='word_1_114' title='bbox 850 1974 927 2021; x_wconf 84' lang='lat' dir='ltr'>Brev.</span> <span class='ocrx_word' id='word_1_115' title='bbox 945 1971 1060 2022; x_wconf 91' lang='lat' dir='ltr'>Oscense</span> <span class='ocrx_word' id='word_1_116' title='bbox 1078 1978 1105 2021; x_wconf 88' lang='lat' dir='ltr'>et</span> <span class='ocrx_word' id='word_1_117' title='bbox 1121 1973 1249 2023; x_wconf 84' lang='lat' dir='ltr'>Jaccense</span> <span class='ocrx_word' id='word_1_118' title='bbox 1271 1975 1333 2039; x_wconf 90' lang='lat' dir='ltr'>imp.</span> 
     </span>
     <span class='ocr_line' id='line_1_18' title="bbox 152 2038 1333 2107; baseline 0.002 -17"><span class='ocrx_word' id='word_1_119' title='bbox 152 2039 379 2106; x_wconf 77' lang='lat' dir='ltr'>Caesaraugustae</span> <span class='ocrx_word' id='word_1_120' title='bbox 407 2039 479 2091; x_wconf 86' lang='grc'><strong>1505.</strong></span> <span class='ocrx_word' id='word_1_121' title='bbox 503 2042 531 2091; x_wconf 88' lang='lat' dir='ltr'>C.</span> <span class='ocrx_word' id='word_1_122' title='bbox 557 2068 586 2075; x_wconf 93' lang='lat'>—</span> <span class='ocrx_word' id='word_1_123' title='bbox 613 2043 688 2091; x_wconf 75' lang='grc'><strong>11101.</strong></span> <span class='ocrx_word' id='word_1_124' title='bbox 713 2040 888 2103; x_wconf 84' lang='lat' dir='ltr'>Majoricenae</span> <span class='ocrx_word' id='word_1_125' title='bbox 912 2042 974 2107; x_wconf 88' lang='lat' dir='ltr'>imp.</span> <span class='ocrx_word' id='word_1_126' title='bbox 998 2042 1119 2090; x_wconf 83' lang='lat' dir='ltr'>Venetiis</span> <span class='ocrx_word' id='word_1_127' title='bbox 1146 2038 1218 2091; x_wconf 85' lang='lat'>1506.</span> <span class='ocrx_word' id='word_1_128' title='bbox 1243 2043 1276 2092; x_wconf 90' lang='lat' dir='ltr'>D.</span> <span class='ocrx_word' id='word_1_129' title='bbox 1298 2070 1333 2079; x_wconf 91' lang='lat'><em>-</em></span> 
     </span>
     <span class='ocr_line' id='line_1_19' title="bbox 152 2106 1334 2176; baseline 0.002 -18"><span class='ocrx_word' id='word_1_130' title='bbox 152 2111 228 2159; x_wconf 84' lang='lat' dir='ltr'>Brev.</span> <span class='ocrx_word' id='word_1_131' title='bbox 247 2111 406 2160; x_wconf 86' lang='lat' dir='ltr'>Celsouense</span> <span class='ocrx_word' id='word_1_132' title='bbox 429 2112 492 2175; x_wconf 90' lang='lat' dir='ltr'>imp.</span> <span class='ocrx_word' id='word_1_133' title='bbox 512 2109 737 2176; x_wconf 78' lang='lat' dir='ltr'>Caesaraugustae</span> <span class='ocrx_word' id='word_1_134' title='bbox 764 2106 837 2159; x_wconf 89' lang='grc'><strong>1514.</strong></span> <span class='ocrx_word' id='word_1_135' title='bbox 860 2109 892 2158; x_wconf 83' lang='grc' dir='ltr'>Ε.</span> <span class='ocrx_word' id='word_1_136' title='bbox 913 2135 943 2142; x_wconf 89' lang='grc'><strong>-</strong></span> <span class='ocrx_word' id='word_1_137' title='bbox 962 2110 1038 2159; x_wconf 86' lang='lat' dir='ltr'>Brev.</span> <span class='ocrx_word' id='word_1_138' title='bbox 1058 2110 1253 2160; x_wconf 87' lang='lat' dir='ltr'>Barcinonense</span> <span class='ocrx_word' id='word_1_139' title='bbox 1272 2112 1334 2176; x_wconf 90' lang='lat' dir='ltr'>imp.</span> 
     </span>
     <span class='ocr_line' id='line_1_20' title="bbox 152 2176 1333 2243; baseline 0.003 -16"><span class='ocrx_word' id='word_1_140' title='bbox 152 2180 315 2228; x_wconf 84' lang='lat' dir='ltr'>Barcinonae</span> <span class='ocrx_word' id='word_1_141' title='bbox 342 2176 415 2228; x_wconf 87' lang='lat'>1540.</span> <span class='ocrx_word' id='word_1_142' title='bbox 440 2179 468 2228; x_wconf 86' lang='lat' dir='ltr'>F.</span> <span class='ocrx_word' id='word_1_143' title='bbox 494 2204 527 2211; x_wconf 96' lang='lat'>-</span> <span class='ocrx_word' id='word_1_144' title='bbox 550 2179 627 2228; x_wconf 83' lang='lat' dir='ltr'>Brev.</span> <span class='ocrx_word' id='word_1_145' title='bbox 652 2178 796 2243; x_wconf 80' lang='lat' dir='ltr'>Sigenemse</span> <span class='ocrx_word' id='word_1_146' title='bbox 819 2180 881 2242; x_wconf 91' lang='lat' dir='ltr'>imp.</span> <span class='ocrx_word' id='word_1_147' title='bbox 904 2178 1130 2242; x_wconf 83' lang='lat' dir='ltr'>Caesaraugustae</span> <span class='ocrx_word' id='word_1_148' title='bbox 1157 2176 1229 2231; x_wconf 83' lang='grc'><strong>1547.</strong></span> <span class='ocrx_word' id='word_1_149' title='bbox 1250 2180 1282 2230; x_wconf 87' lang='lat' dir='ltr'>G.</span> <span class='ocrx_word' id='word_1_150' title='bbox 1300 2206 1333 2214; x_wconf 95' lang='lat'>-</span> 
     </span>
     <span class='ocr_line' id='line_1_21' title="bbox 151 2243 1332 2312; baseline 0.003 -17"><span class='ocrx_word' id='word_1_151' title='bbox 151 2247 227 2296; x_wconf 80' lang='lat' dir='ltr'>Brev.</span> <span class='ocrx_word' id='word_1_152' title='bbox 240 2246 384 2297; x_wconf 90' lang='lat' dir='ltr'>Illerdense</span> <span class='ocrx_word' id='word_1_153' title='bbox 402 2249 465 2312; x_wconf 91' lang='lat' dir='ltr'>imp.</span> <span class='ocrx_word' id='word_1_154' title='bbox 484 2263 522 2297; x_wconf 92' lang='lat' dir='ltr'>ca.</span> <span class='ocrx_word' id='word_1_155' title='bbox 544 2243 618 2296; x_wconf 83' lang='lat'>1533.</span> <span class='ocrx_word' id='word_1_156' title='bbox 632 2247 666 2296; x_wconf 88' lang='grc' dir='ltr'>Η.</span> <span class='ocrx_word' id='word_1_157' title='bbox 686 2274 718 2282; x_wconf 84' lang='lat'>—</span> <span class='ocrx_word' id='word_1_158' title='bbox 737 2244 761 2306; x_wconf 86' lang='lat'>5,</span> <span class='ocrx_word' id='word_1_159' title='bbox 782 2244 794 2295; x_wconf 93' lang='lat' dir='ltr'>l</span> <span class='ocrx_word' id='word_1_160' title='bbox 809 2246 891 2308; x_wconf 78' lang='lat' dir='ltr'>Quasi</span> <span class='ocrx_word' id='word_1_161' title='bbox 910 2245 1017 2295; x_wconf 87' lang='lat' dir='ltr'>clausae</span> <span class='ocrx_word' id='word_1_162' title='bbox 1035 2248 1127 2295; x_wconf 84' lang='lat' dir='ltr'>matris</span> <span class='ocrx_word' id='word_1_163' title='bbox 1145 2251 1219 2296; x_wconf 87' lang='lat' dir='ltr'>utero</span> <span class='ocrx_word' id='word_1_164' title='bbox 1234 2247 1286 2298; x_wconf 86' lang='lat' dir='ltr'>CG.</span> <span class='ocrx_word' id='word_1_165' title='bbox 1300 2277 1332 2284; x_wconf 98' lang='lat'>—</span> 
     </span>
     <span class='ocr_line' id='line_1_22' title="bbox 150 2311 500 2381; baseline 0.006 -18"><span class='ocrx_word' id='word_1_166' title='bbox 150 2311 174 2370; x_wconf 87' lang='grc'>5,</span> <span class='ocrx_word' id='word_1_167' title='bbox 193 2312 209 2364; x_wconf 85' lang='grc'>2</span> <span class='ocrx_word' id='word_1_168' title='bbox 226 2316 311 2365; x_wconf 86' lang='lat' dir='ltr'>Natus</span> <span class='ocrx_word' id='word_1_169' title='bbox 326 2322 424 2381; x_wconf 81' lang='lat' dir='ltr'>paetus.</span> <span class='ocrx_word' id='word_1_170' title='bbox 447 2316 500 2365; x_wconf 72' lang='lat' dir='ltr'>AF.</span> 
     </span>
    </p>
   </div>
   <div class='ocr_carea' id='block_1_7' title="bbox 537 2497 944 2557">
    <p class='ocr_par' dir='ltr' id='par_1_7' title="bbox 537 2497 944 2557">
     <span class='ocr_line' id='line_1_23' title="bbox 537 2497 944 2557; baseline -0.007 0"><span class='ocrx_word' id='word_1_171' title='bbox 537 2501 597 2557; x_wconf 77' lang='lat'>227.</span> <span class='ocrx_word' id='word_1_172' title='bbox 634 2497 671 2557; x_wconf 86' lang='lat' dir='ltr'>lle</span> <span class='ocrx_word' id='word_1_173' title='bbox 690 2502 787 2556; x_wconf 85' lang='lat' dir='ltr'>sancto</span> <span class='ocrx_word' id='word_1_174' title='bbox 805 2497 944 2555; x_wconf 80' lang='lat' dir='ltr'>Gabriele.</span> 
     </span>
    </p>
   </div>
   <div class='ocr_carea' id='block_1_8' title="bbox 624 2637 858 2692">
    <p class='ocr_par' dir='ltr' id='par_1_8' title="bbox 624 2637 858 2692">
     <span class='ocr_line' id='line_1_24' title="bbox 624 2637 858 2692; baseline -0.017 0"><span class='ocrx_word' id='word_1_175' title='bbox 624 2637 668 2692; x_wconf 81' lang='lat' dir='ltr'>Ad</span> <span class='ocrx_word' id='word_1_176' title='bbox 685 2638 858 2692; x_wconf 87' lang='lat' dir='ltr'>Nocturnum.</span> 
     </span>
    </p>
   </div>
   <div class='ocr_carea' id='block_1_9' title="bbox 154 2779 1227 3099">
    <p class='ocr_par' dir='ltr' id='par_1_9' title="bbox 154 2779 1227 3099">
     <span class='ocr_line' id='line_1_25' title="bbox 154 2779 1172 2853; baseline -0.002 -15"><span class='ocrx_word' id='word_1_177' title='bbox 154 2782 181 2838; x_wconf 91' lang='lat'>1.</span> <span class='ocrx_word' id='word_1_178' title='bbox 205 2780 339 2838; x_wconf 82' lang='lat' dir='ltr'>Exsultet</span> <span class='ocrx_word' id='word_1_179' title='bbox 357 2796 431 2837; x_wconf 89' lang='lat' dir='ltr'>nuno</span> <span class='ocrx_word' id='word_1_180' title='bbox 454 2781 583 2853; x_wconf 85' lang='lat' dir='ltr'>ecclesia,</span> <span class='ocrx_word' id='word_1_181' title='bbox 768 2784 796 2839; x_wconf 92' lang='lat'>4.</span> <span class='ocrx_word' id='word_1_182' title='bbox 820 2780 941 2839; x_wconf 90' lang='lat' dir='ltr'>Omnino</span> <span class='ocrx_word' id='word_1_183' title='bbox 963 2780 1017 2837; x_wconf 90' lang='lat' dir='ltr'>iste</span> <span class='ocrx_word' id='word_1_184' title='bbox 1039 2779 1172 2838; x_wconf 87' lang='lat' dir='ltr'>laudibus</span> 
     </span>
     <span class='ocr_line' id='line_1_26' title="bbox 205 2865 1192 2942; baseline -0.001 -19"><span class='ocrx_word' id='word_1_185' title='bbox 205 2865 349 2924; x_wconf 91' lang='lat' dir='ltr'>Gabrielis</span> <span class='ocrx_word' id='word_1_186' title='bbox 371 2865 534 2939; x_wconf 86' lang='lat' dir='ltr'>archangeli</span> <span class='ocrx_word' id='word_1_187' title='bbox 823 2865 932 2942; x_wconf 89' lang='lat' dir='ltr'>Dignus</span> <span class='ocrx_word' id='word_1_188' title='bbox 955 2871 999 2922; x_wconf 89' lang='lat' dir='ltr'>est</span> <span class='ocrx_word' id='word_1_189' title='bbox 1021 2873 1050 2923; x_wconf 91' lang='lat' dir='ltr'>et</span> <span class='ocrx_word' id='word_1_190' title='bbox 1072 2866 1192 2938; x_wconf 87' lang='lat' dir='ltr'>laetitia,</span> 
     </span>
     <span class='ocr_line' id='line_1_27' title="bbox 206 2950 1227 3024; baseline 0 -16"><span class='ocrx_word' id='word_1_191' title='bbox 206 2950 304 3009; x_wconf 89' lang='lat' dir='ltr'>Gratis</span> <span class='ocrx_word' id='word_1_192' title='bbox 325 2967 413 3024; x_wconf 88' lang='lat' dir='ltr'>agens</span> <span class='ocrx_word' id='word_1_193' title='bbox 435 2952 582 3023; x_wconf 87' lang='lat' dir='ltr'>solemnia,</span> <span class='ocrx_word' id='word_1_194' title='bbox 819 2952 874 3024; x_wconf 80' lang='lat' dir='ltr'>Qui</span> <span class='ocrx_word' id='word_1_195' title='bbox 896 2956 977 3010; x_wconf 90' lang='lat' dir='ltr'>tanta</span> <span class='ocrx_word' id='word_1_196' title='bbox 999 2950 1035 3009; x_wconf 96' lang='lat' dir='ltr'>de</span> <span class='ocrx_word' id='word_1_197' title='bbox 1057 2950 1227 3009; x_wconf 88' lang='lat' dir='ltr'>coelestibus</span> 
     </span>
     <span class='ocr_line' id='line_1_28' title="bbox 205 3035 1162 3099; baseline 0.006 -6"><span class='ocrx_word' id='word_1_198' title='bbox 205 3035 285 3094; x_wconf 89' lang='lat' dir='ltr'>Nihil</span> <span class='ocrx_word' id='word_1_199' title='bbox 307 3037 462 3095; x_wconf 87' lang='lat' dir='ltr'>admittens</span> <span class='ocrx_word' id='word_1_200' title='bbox 485 3037 622 3096; x_wconf 86' lang='lat' dir='ltr'>scandali.</span> <span class='ocrx_word' id='word_1_201' title='bbox 819 3036 911 3095; x_wconf 88' lang='lat' dir='ltr'>Nobis</span> <span class='ocrx_word' id='word_1_202' title='bbox 934 3035 992 3094; x_wconf 85' lang='lat' dir='ltr'>fert</span> <span class='ocrx_word' id='word_1_203' title='bbox 1013 3035 1162 3099; x_wconf 89' lang='lat' dir='ltr'>beneficia.</span> 
     </span>
    </p>
   </div>
   <div class='ocr_carea' id='block_1_10' title="bbox 152 3156 1313 3485">
    <p class='ocr_par' dir='ltr' id='par_1_10' title="bbox 152 3156 1313 3485">
     <span class='ocr_line' id='line_1_29' title="bbox 152 3156 1210 3231; baseline -0.004 -15"><span class='ocrx_word' id='word_1_204' title='bbox 152 3159 181 3216; x_wconf 86' lang='lat'>2.</span> <span class='ocrx_word' id='word_1_205' title='bbox 205 3156 262 3214; x_wconf 87' lang='grc'><strong>1110</strong></span> <span class='ocrx_word' id='word_1_206' title='bbox 282 3163 326 3215; x_wconf 87' lang='lat' dir='ltr'>est</span> <span class='ocrx_word' id='word_1_207' title='bbox 345 3159 455 3231; x_wconf 89' lang='lat' dir='ltr'>legatus</span> <span class='ocrx_word' id='word_1_208' title='bbox 478 3157 591 3230; x_wconf 89' lang='lat' dir='ltr'>nobilis,</span> <span class='ocrx_word' id='word_1_209' title='bbox 769 3160 798 3218; x_wconf 90' lang='lat'>5.</span> <span class='ocrx_word' id='word_1_210' title='bbox 820 3156 899 3229; x_wconf 89' lang='lat' dir='ltr'>Ergo</span> <span class='ocrx_word' id='word_1_211' title='bbox 921 3156 1069 3215; x_wconf 86' lang='lat' dir='ltr'>laudemus</span> <span class='ocrx_word' id='word_1_212' title='bbox 1087 3170 1210 3228; x_wconf 91' lang='lat' dir='ltr'>propere</span> 
     </span>
     <span class='ocr_line' id='line_1_30' title="bbox 206 3242 1313 3317; baseline -0.003 -17"><span class='ocrx_word' id='word_1_213' title='bbox 206 3242 293 3314; x_wconf 73' lang='lat' dir='ltr'>cnjus</span> <span class='ocrx_word' id='word_1_214' title='bbox 314 3249 412 3301; x_wconf 87' lang='lat' dir='ltr'>sancta</span> <span class='ocrx_word' id='word_1_215' title='bbox 434 3243 539 3317; x_wconf 88' lang='lat' dir='ltr'>legatio</span> <span class='ocrx_word' id='word_1_216' title='bbox 820 3242 912 3310; x_wconf 87' lang='lat' dir='ltr'>Hunc,</span> <span class='ocrx_word' id='word_1_217' title='bbox 936 3242 985 3314; x_wconf 87' lang='lat' dir='ltr'>qui</span> <span class='ocrx_word' id='word_1_218' title='bbox 1006 3247 1050 3299; x_wconf 90' lang='lat' dir='ltr'>est</span> <span class='ocrx_word' id='word_1_219' title='bbox 1072 3242 1144 3300; x_wconf 90' lang='lat' dir='ltr'>coeli</span> <span class='ocrx_word' id='word_1_220' title='bbox 1166 3242 1313 3314; x_wconf 86' lang='lat' dir='ltr'>speculum</span> 
     </span>
     <span class='ocr_line' id='line_1_31' title="bbox 206 3327 1179 3400; baseline -0.002 -14"><span class='ocrx_word' id='word_1_221' title='bbox 206 3328 310 3386; x_wconf 84' lang='lat' dir='ltr'>Mortis</span> <span class='ocrx_word' id='word_1_222' title='bbox 331 3328 550 3386; x_wconf 88' lang='lat' dir='ltr'>interminabilis</span> <span class='ocrx_word' id='word_1_223' title='bbox 821 3327 925 3399; x_wconf 87' lang='lat' dir='ltr'>Corde,</span> <span class='ocrx_word' id='word_1_224' title='bbox 948 3343 1018 3384; x_wconf 88' lang='lat' dir='ltr'>voce</span> <span class='ocrx_word' id='word_1_225' title='bbox 1041 3334 1069 3384; x_wconf 89' lang='lat' dir='ltr'>et</span> <span class='ocrx_word' id='word_1_226' title='bbox 1091 3343 1179 3400; x_wconf 90' lang='lat' dir='ltr'>opere</span> 
     </span>
     <span class='ocr_line' id='line_1_32' title="bbox 205 3411 1269 3485; baseline 0.001 -15"><span class='ocrx_word' id='word_1_227' title='bbox 205 3411 297 3470; x_wconf 88' lang='lat' dir='ltr'>Nobis</span> <span class='ocrx_word' id='word_1_228' title='bbox 320 3411 373 3472; x_wconf 85' lang='lat' dir='ltr'>tuit</span> <span class='ocrx_word' id='word_1_229' title='bbox 395 3415 501 3474; x_wconf 86' lang='lat' dir='ltr'>evasio.</span> <span class='ocrx_word' id='word_1_230' title='bbox 821 3414 1017 3485; x_wconf 69' lang='lat' dir='ltr'>aspernantes</span> <span class='ocrx_word' id='word_1_231' title='bbox 1039 3411 1093 3470; x_wconf 92' lang='lat' dir='ltr'>boc</span> <span class='ocrx_word' id='word_1_232' title='bbox 1116 3413 1269 3471; x_wconf 88' lang='lat' dir='ltr'>saeculum.</span> 
     </span>
    </p>
   </div>
   <div class='ocr_carea' id='block_1_11' title="bbox 154 3531 1206 3864">
    <p class='ocr_par' dir='ltr' id='par_1_11' title="bbox 154 3531 1206 3864">
     <span class='ocr_line' id='line_1_33' title="bbox 154 3531 1206 3606; baseline -0.003 -13"><span class='ocrx_word' id='word_1_233' title='bbox 154 3536 183 3593; x_wconf 85' lang='lat'>3.</span> <span class='ocrx_word' id='word_1_234' title='bbox 206 3534 262 3592; x_wconf 87' lang='lat' dir='ltr'>Hic</span> <span class='ocrx_word' id='word_1_235' title='bbox 283 3531 422 3591; x_wconf 84' lang='lat' dir='ltr'>fortitudo</span> <span class='ocrx_word' id='word_1_236' title='bbox 445 3533 559 3604; x_wconf 88' lang='lat' dir='ltr'>dicitur,</span> <span class='ocrx_word' id='word_1_237' title='bbox 771 3534 801 3595; x_wconf 88' lang='lat'>6.</span> <span class='ocrx_word' id='word_1_238' title='bbox 823 3531 899 3591; x_wconf 83' lang='lat' dir='ltr'>laus</span> <span class='ocrx_word' id='word_1_239' title='bbox 922 3532 984 3590; x_wconf 89' lang='lat' dir='ltr'>Deo</span> <span class='ocrx_word' id='word_1_240' title='bbox 1004 3533 1042 3590; x_wconf 91' lang='lat' dir='ltr'>sit</span> <span class='ocrx_word' id='word_1_241' title='bbox 1064 3539 1093 3590; x_wconf 89' lang='lat' dir='ltr'>et</span> <span class='ocrx_word' id='word_1_242' title='bbox 1114 3532 1206 3606; x_wconf 88' lang='lat' dir='ltr'>gloria</span> 
     </span>
     <span class='ocr_line' id='line_1_34' title="bbox 206 3615 1171 3694; baseline 0.001 -19"><span class='ocrx_word' id='word_1_243' title='bbox 206 3619 261 3689; x_wconf 81' lang='lat' dir='ltr'>Qui</span> <span class='ocrx_word' id='word_1_244' title='bbox 282 3615 430 3677; x_wconf 84' lang='lat' dir='ltr'>fortiorem</span> <span class='ocrx_word' id='word_1_245' title='bbox 451 3618 565 3676; x_wconf 89' lang='lat' dir='ltr'>nuntiat</span> <span class='ocrx_word' id='word_1_246' title='bbox 825 3620 881 3677; x_wconf 93' lang='lat' dir='ltr'>Pro</span> <span class='ocrx_word' id='word_1_247' title='bbox 904 3616 1039 3677; x_wconf 86' lang='lat' dir='ltr'>Gabriele</span> <span class='ocrx_word' id='word_1_248' title='bbox 1060 3619 1171 3694; x_wconf 85' lang='lat' dir='ltr'>angelo,</span> 
     </span>
     <span class='ocr_line' id='line_1_35' title="bbox 208 3703 1184 3778; baseline -0.001 -17"><span class='ocrx_word' id='word_1_249' title='bbox 208 3703 328 3776; x_wconf 87' lang='lat' dir='ltr'>Mariae,</span> <span class='ocrx_word' id='word_1_250' title='bbox 350 3720 507 3778; x_wconf 88' lang='lat' dir='ltr'>perquem</span> <span class='ocrx_word' id='word_1_251' title='bbox 530 3703 654 3762; x_wconf 87' lang='lat' dir='ltr'>vincitur</span> <span class='ocrx_word' id='word_1_252' title='bbox 825 3703 912 3775; x_wconf 80' lang='lat' dir='ltr'>eujus</span> <span class='ocrx_word' id='word_1_253' title='bbox 935 3703 1026 3762; x_wconf 88' lang='lat' dir='ltr'>dulcis</span> <span class='ocrx_word' id='word_1_254' title='bbox 1048 3705 1184 3761; x_wconf 92' lang='lat' dir='ltr'>memoria</span> 
     </span>
     <span class='ocr_line' id='line_1_36' title="bbox 209 3789 1150 3864; baseline -0.002 -16"><span class='ocrx_word' id='word_1_255' title='bbox 209 3789 306 3862; x_wconf 77' lang='grc'><strong>80100,</strong></span> <span class='ocrx_word' id='word_1_256' title='bbox 329 3805 413 3863; x_wconf 89' lang='lat' dir='ltr'>quem</span> <span class='ocrx_word' id='word_1_257' title='bbox 435 3790 526 3849; x_wconf 87' lang='lat' dir='ltr'>Orcus</span> <span class='ocrx_word' id='word_1_258' title='bbox 550 3789 667 3853; x_wconf 80' lang='lat' dir='ltr'>cruciat.</span> <span class='ocrx_word' id='word_1_259' title='bbox 825 3789 978 3848; x_wconf 84' lang='lat' dir='ltr'>Exaltetnr</span> <span class='ocrx_word' id='word_1_260' title='bbox 999 3789 1028 3847; x_wconf 90' lang='lat' dir='ltr'>in</span> <span class='ocrx_word' id='word_1_261' title='bbox 1050 3789 1150 3864; x_wconf 90' lang='lat' dir='ltr'>gloria.</span> 
     </span>
    </p>
   </div>
   <div class='ocr_carea' id='block_1_12' title="bbox 154 3921 1336 4454">
    <p class='ocr_par' dir='ltr' id='par_1_12' title="bbox 154 3921 1336 4454">
     <span class='ocr_line' id='line_1_37' title="bbox 224 3921 1335 3988; baseline -0.002 -14"><span class='ocrx_word' id='word_1_262' title='bbox 224 3925 302 3974; x_wconf 82' lang='lat' dir='ltr'>Brer.</span> <span class='ocrx_word' id='word_1_263' title='bbox 326 3938 374 3974; x_wconf 90' lang='lat' dir='ltr'>ms.</span> <span class='ocrx_word' id='word_1_264' title='bbox 394 3926 588 3975; x_wconf 82' lang='lat' dir='ltr'>Barcinoncnae</span> <span class='ocrx_word' id='word_1_265' title='bbox 611 3938 679 3974; x_wconf 85' lang='lat' dir='ltr'>saec.</span> <span class='ocrx_word' id='word_1_266' title='bbox 705 3921 743 3973; x_wconf 85' lang='lat'>15.</span> <span class='ocrx_word' id='word_1_267' title='bbox 763 3923 826 3974; x_wconf 91' lang='lat' dir='ltr'>Cod.</span> <span class='ocrx_word' id='word_1_268' title='bbox 845 3925 931 3988; x_wconf 88' lang='lat' dir='ltr'>Capit.</span> <span class='ocrx_word' id='word_1_269' title='bbox 950 3924 1040 3973; x_wconf 87' lang='lat' dir='ltr'>Vicen.</span> <span class='ocrx_word' id='word_1_270' title='bbox 1062 3923 1129 3973; x_wconf 86' lang='lat' dir='ltr'>clx.</span> <span class='ocrx_word' id='word_1_271' title='bbox 1148 3925 1178 3973; x_wconf 83' lang='grc' dir='ltr'>Α.</span> <span class='ocrx_word' id='word_1_272' title='bbox 1205 3951 1233 3957; x_wconf 99' lang='grc'>-</span> <span class='ocrx_word' id='word_1_273' title='bbox 1259 3924 1335 3973; x_wconf 80' lang='lat' dir='ltr'>Brer.</span> 
     </span>
     <span class='ocr_line' id='line_1_38' title="bbox 154 3989 1336 4058; baseline 0.001 -18"><span class='ocrx_word' id='word_1_274' title='bbox 154 3993 350 4042; x_wconf 84' lang='lat' dir='ltr'>Tarraconense</span> <span class='ocrx_word' id='word_1_275' title='bbox 374 3994 436 4058; x_wconf 90' lang='lat' dir='ltr'>imp.</span> <span class='ocrx_word' id='word_1_276' title='bbox 460 3993 624 4043; x_wconf 89' lang='lat' dir='ltr'>Barcinonae</span> <span class='ocrx_word' id='word_1_277' title='bbox 650 3989 723 4042; x_wconf 82' lang='lat'>1484.</span> <span class='ocrx_word' id='word_1_278' title='bbox 742 3993 771 4041; x_wconf 91' lang='grc' dir='ltr'><strong>Β.</strong></span> <span class='ocrx_word' id='word_1_279' title='bbox 795 4018 821 4026; x_wconf 93' lang='grc'>-</span> <span class='ocrx_word' id='word_1_280' title='bbox 845 3994 921 4043; x_wconf 84' lang='lat' dir='ltr'>Brer.</span> <span class='ocrx_word' id='word_1_281' title='bbox 940 3993 1054 4042; x_wconf 89' lang='lat' dir='ltr'>Oscense</span> <span class='ocrx_word' id='word_1_282' title='bbox 1077 3998 1104 4041; x_wconf 89' lang='grc'>01</span> <span class='ocrx_word' id='word_1_283' title='bbox 1120 3992 1249 4042; x_wconf 86' lang='lat' dir='ltr'>Jaccense</span> <span class='ocrx_word' id='word_1_284' title='bbox 1273 3993 1336 4054; x_wconf 84' lang='lat' dir='ltr'>imp.</span> 
     </span>
     <span class='ocr_line' id='line_1_39' title="bbox 156 4057 1335 4127; baseline 0.002 -19"><span class='ocrx_word' id='word_1_285' title='bbox 156 4059 380 4127; x_wconf 78' lang='lat' dir='ltr'>Caesaraugustae</span> <span class='ocrx_word' id='word_1_286' title='bbox 409 4058 482 4110; x_wconf 89' lang='lat'>1505.</span> <span class='ocrx_word' id='word_1_287' title='bbox 506 4060 535 4110; x_wconf 86' lang='lat' dir='ltr'>C.</span> <span class='ocrx_word' id='word_1_288' title='bbox 558 4087 591 4096; x_wconf 91' lang='lat'>—</span> <span class='ocrx_word' id='word_1_289' title='bbox 616 4062 691 4110; x_wconf 76' lang='lat' dir='ltr'>Brea.</span> <span class='ocrx_word' id='word_1_290' title='bbox 715 4060 890 4124; x_wconf 87' lang='lat' dir='ltr'>Majoriccnse</span> <span class='ocrx_word' id='word_1_291' title='bbox 915 4062 977 4124; x_wconf 89' lang='lat' dir='ltr'>imp.</span> <span class='ocrx_word' id='word_1_292' title='bbox 1001 4062 1120 4110; x_wconf 85' lang='lat' dir='ltr'>Venetiis</span> <span class='ocrx_word' id='word_1_293' title='bbox 1148 4057 1221 4110; x_wconf 85' lang='lat'>1506.</span> <span class='ocrx_word' id='word_1_294' title='bbox 1245 4061 1278 4110; x_wconf 92' lang='lat' dir='ltr'>D.</span> <span class='ocrx_word' id='word_1_295' title='bbox 1302 4086 1335 4093; x_wconf 91' lang='lat'>-</span> 
     </span>
     <span class='ocr_line' id='line_1_40' title="bbox 155 4127 1335 4195; baseline 0 -19"><span class='ocrx_word' id='word_1_296' title='bbox 155 4128 231 4178; x_wconf 83' lang='lat' dir='ltr'>Brev.</span> <span class='ocrx_word' id='word_1_297' title='bbox 250 4130 409 4180; x_wconf 85' lang='lat' dir='ltr'>Celsonense</span> <span class='ocrx_word' id='word_1_298' title='bbox 432 4131 494 4195; x_wconf 90' lang='lat' dir='ltr'>imp.</span> <span class='ocrx_word' id='word_1_299' title='bbox 513 4130 741 4193; x_wconf 84' lang='lat' dir='ltr'>Caesaraugustae</span> <span class='ocrx_word' id='word_1_300' title='bbox 767 4127 840 4179; x_wconf 90' lang='grc'><strong>1514.</strong></span> <span class='ocrx_word' id='word_1_301' title='bbox 859 4130 890 4178; x_wconf 86' lang='grc' dir='ltr'>Ε.</span> <span class='ocrx_word' id='word_1_302' title='bbox 913 4154 945 4163; x_wconf 92' lang='lat'>·-</span> <span class='ocrx_word' id='word_1_303' title='bbox 965 4131 1041 4179; x_wconf 84' lang='lat' dir='ltr'>Brev.</span> <span class='ocrx_word' id='word_1_304' title='bbox 1059 4130 1254 4179; x_wconf 87' lang='lat' dir='ltr'>Barcinonense</span> <span class='ocrx_word' id='word_1_305' title='bbox 1273 4129 1335 4193; x_wconf 87' lang='lat' dir='ltr'>imp.</span> 
     </span>
     <span class='ocr_line' id='line_1_41' title="bbox 154 4194 1336 4264; baseline 0.003 -19"><span class='ocrx_word' id='word_1_306' title='bbox 154 4196 319 4248; x_wconf 88' lang='lat' dir='ltr'>Barcinonae</span> <span class='ocrx_word' id='word_1_307' title='bbox 344 4195 417 4248; x_wconf 87' lang='grc'><strong>1540.</strong></span> <span class='ocrx_word' id='word_1_308' title='bbox 442 4199 470 4247; x_wconf 85' lang='lat' dir='ltr'>F.</span> <span class='ocrx_word' id='word_1_309' title='bbox 494 4223 529 4231; x_wconf 93' lang='lat'>—</span> <span class='ocrx_word' id='word_1_310' title='bbox 554 4200 628 4247; x_wconf 86' lang='grc' dir='ltr'><strong>111ον.</strong></span> <span class='ocrx_word' id='word_1_311' title='bbox 654 4198 798 4263; x_wconf 87' lang='lat' dir='ltr'>Sigenense</span> <span class='ocrx_word' id='word_1_312' title='bbox 822 4200 884 4263; x_wconf 90' lang='lat' dir='ltr'>imp.</span> <span class='ocrx_word' id='word_1_313' title='bbox 906 4197 1131 4264; x_wconf 87' lang='lat' dir='ltr'>Caesaraugustae</span> <span class='ocrx_word' id='word_1_314' title='bbox 1157 4194 1230 4248; x_wconf 83' lang='grc'><strong>1547.</strong></span> <span class='ocrx_word' id='word_1_315' title='bbox 1247 4198 1280 4248; x_wconf 81' lang='lat' dir='ltr'>G.</span> <span class='ocrx_word' id='word_1_316' title='bbox 1302 4223 1336 4231; x_wconf 90' lang='lat'>—-</span> 
     </span>
     <span class='ocr_line' id='line_1_42' title="bbox 155 4262 1336 4330; baseline -0.001 -16"><span class='ocrx_word' id='word_1_317' title='bbox 155 4264 232 4316; x_wconf 88' lang='lat' dir='ltr'>Brev.</span> <span class='ocrx_word' id='word_1_318' title='bbox 251 4266 394 4317; x_wconf 90' lang='lat' dir='ltr'>Illerdense</span> <span class='ocrx_word' id='word_1_319' title='bbox 413 4269 474 4330; x_wconf 86' lang='lat' dir='ltr'>imp.</span> <span class='ocrx_word' id='word_1_320' title='bbox 494 4281 533 4315; x_wconf 91' lang='lat' dir='ltr'>ca.</span> <span class='ocrx_word' id='word_1_321' title='bbox 549 4262 622 4316; x_wconf 87' lang='grc'><strong>1533.</strong></span> <span class='ocrx_word' id='word_1_322' title='bbox 635 4265 670 4314; x_wconf 89' lang='grc' dir='ltr'>Η.</span> <span class='ocrx_word' id='word_1_323' title='bbox 685 4291 716 4300; x_wconf 89' lang='grc'>-</span> <span class='ocrx_word' id='word_1_324' title='bbox 739 4264 760 4327; x_wconf 90' lang='lat'>1,</span> <span class='ocrx_word' id='word_1_325' title='bbox 781 4263 793 4315; x_wconf 94' lang='grc'>1</span> <span class='ocrx_word' id='word_1_326' title='bbox 812 4265 954 4316; x_wconf 85' lang='lat' dir='ltr'>Exsultent</span> <span class='ocrx_word' id='word_1_327' title='bbox 966 4281 1036 4316; x_wconf 90' lang='lat' dir='ltr'>nunc</span> <span class='ocrx_word' id='word_1_328' title='bbox 1050 4266 1176 4316; x_wconf 89' lang='lat' dir='ltr'>coelestia</span> <span class='ocrx_word' id='word_1_329' title='bbox 1190 4267 1220 4330; x_wconf 81' lang='grc'>11;</span> <span class='ocrx_word' id='word_1_330' title='bbox 1239 4264 1336 4315; x_wconf 77' lang='lat' dir='ltr'>Exsul·</span> 
     </span>
     <span class='ocr_line' id='line_1_43' title="bbox 154 4331 1335 4399; baseline -0.002 -16"><span class='ocrx_word' id='word_1_331' title='bbox 154 4338 192 4383; x_wconf 87' lang='lat' dir='ltr'>tet</span> <span class='ocrx_word' id='word_1_332' title='bbox 208 4335 331 4385; x_wconf 86' lang='lat' dir='ltr'>coelestis</span> <span class='ocrx_word' id='word_1_333' title='bbox 351 4337 426 4385; x_wconf 89' lang='lat' dir='ltr'>curia</span> <span class='ocrx_word' id='word_1_334' title='bbox 444 4337 478 4384; x_wconf 84' lang='lat' dir='ltr'>ll.</span> <span class='ocrx_word' id='word_1_335' title='bbox 498 4360 530 4369; x_wconf 95' lang='lat'><em>-</em></span> <span class='ocrx_word' id='word_1_336' title='bbox 550 4332 574 4397; x_wconf 87' lang='lat'>5,</span> <span class='ocrx_word' id='word_1_337' title='bbox 591 4332 610 4384; x_wconf 93' lang='grc'><strong>4</strong></span> <span class='ocrx_word' id='word_1_338' title='bbox 627 4337 786 4399; x_wconf 72' lang='lat' dir='ltr'>spernentes</span> <span class='ocrx_word' id='word_1_339' title='bbox 803 4335 852 4384; x_wconf 91' lang='lat' dir='ltr'>hoc</span> <span class='ocrx_word' id='word_1_340' title='bbox 871 4334 1005 4384; x_wconf 88' lang='lat' dir='ltr'>saeculum</span> <span class='ocrx_word' id='word_1_341' title='bbox 1023 4336 1103 4385; x_wconf 85' lang='grc' dir='ltr'><strong>ΑΒΗ.</strong></span> <span class='ocrx_word' id='word_1_342' title='bbox 1123 4360 1157 4368; x_wconf 89' lang='lat'><em>-</em></span> <span class='ocrx_word' id='word_1_343' title='bbox 1174 4331 1197 4396; x_wconf 85' lang='lat'>6,</span> <span class='ocrx_word' id='word_1_344' title='bbox 1216 4331 1233 4382; x_wconf 89' lang='lat'>4</span> <span class='ocrx_word' id='word_1_345' title='bbox 1250 4332 1335 4384; x_wconf 84' lang='lat' dir='ltr'>Exal·</span> 
     </span>
     <span class='ocr_line' id='line_1_44' title="bbox 156 4403 499 4454; baseline 0.003 -3"><span class='ocrx_word' id='word_1_346' title='bbox 156 4407 229 4453; x_wconf 84' lang='grc'><strong>10101</strong></span> <span class='ocrx_word' id='word_1_347' title='bbox 245 4406 275 4454; x_wconf 88' lang='grc'>10</span> <span class='ocrx_word' id='word_1_348' title='bbox 291 4403 360 4454; x_wconf 85' lang='lat' dir='ltr'>coeli</span> <span class='ocrx_word' id='word_1_349' title='bbox 377 4404 445 4453; x_wconf 90' lang='lat' dir='ltr'>solio</span> <span class='ocrx_word' id='word_1_350' title='bbox 464 4404 499 4453; x_wconf 87' lang='lat' dir='ltr'>H.</span> 
     </span>
    </p>
   </div>
   <div class='ocr_carea' id='block_1_13' title="bbox 0 0 1471 4868">
    <p class='ocr_par' dir='ltr' id='par_1_13' title="bbox 0 0 1471 4868">
     <span class='ocr_line' id='line_1_45' title="bbox 0 0 1471 4868; baseline 0 0"><span class='ocrx_word' id='word_1_351' title='bbox 0 0 1471 4868; x_wconf 95' lang='lat' dir='ltr'> </span> 
     </span>
    </p>
   </div>
  </div>
 </body>
</html>
