2918 4868
614 300 848 368 —214-

145 486 173 544 5.
196 480 220 542 0
242 479 327 538 beate
347 476 513 549 Jacohe,
754 480 783 539 6.
806 476 954 537 Jaaoho
976 476 1102 550 propitio

235 565 333 623 Virtus
355 569 454 622 nostra
472 579 548 635 vere,
850 563 971 621 Veniam
993 579 1140 636 speremus

192 650 283 711 Nubis
306 650 402 708 hostes
423 664 536 708 remove
808 649 857 722 Et,
880 665 950 723 quas
973 664 1008 707 ex
1026 649 1166 722 obsequio

236 736 312 794 Tuos
334 751 369 793 ac
391 745 472 793 tuere
850 735 956 794 Merito
979 734 1125 808 debemus,

192 825 237 881 Aa
260 822 378 881 devotos
400 820 506 879 adhibe
807 820 888 881 Patri
909 827 968 880 tarn
990 821 1094 879 eximio

235 907 296 967 Nus
316 906 370 965 tihi
392 908 516 979 plaeere.
850 906 958 979 Dignas
979 906 1080 965 laudes
1102 905 1219 968 demus.

498 1024 541 1085 R⁰
564 1025 677 1085 Primus
699 1041 735 1085 ex
758 1026 895 1100 apostolis

558 1111 674 1183 Martyr
694 1110 893 1187 Jerosolymis,

603 1196 729 1255 Jacobus
751 1197 865 1271 egregio

565 1294 579 1317 ·
604 1282 692 1342 Sacer
714 1288 758 1340 est
780 1283 927 1358 martyrio.

214 1404 235 1453 O
253 1399 298 1452 sul.
320 1397 395 1462 l93n,
410 1400 540 1451 Zuschrift
557 1417 609 1450 von
629 1403 701 1451 einer
713 1401 793 1451 Hand
812 1416 880 1451 saec.
895 1398 926 1451 12
938 1417 978 1452 ex.
992 1428 1025 1436 -
1037 1402 1111 1451 Nnch
1120 1400 1200 1464 jeder
1212 1403 1334 1470 Strophe

146 1474 193 1522 der
210 1472 365 1533 Rundreim3
389 1470 456 1519 nach
475 1470 526 1520 Str.
551 1465 668 1521 hfindet
685 1470 742 1519 eich
760 1471 856 1520 einmai
875 1485 923 1519 vor
941 1469 1150 1534 Wiederholung
1168 1471 1217 1521 des
1237 1473 1332 1524 Rund-

139 1555 233 1592 reims:

578 1608 666 1657 Herru
685 1608 838 1672 Sancum,

581 1676 635 1728 Get
653 1677 803 1743 Sanctingn

583 1744 710 1807 Euitreja,
729 1745 841 1808 ‹rsusejta

583 1814 655 1862 Deus
674 1815 719 1863 aia
736 1828 793 1863 noe.

137 1917 193 1974 (Ich
211 1916 265 1965 lese
283 1914 335 1965 Got
353 1914 425 1963 nieht
442 1915 523 1974 Grot,
547 1930 601 1964 was
619 1914 756 1965 vielleiclrt
772 1917 887 1979 gemeint
905 1917 952 1973 ist,
971 1918 1015 1966 aia
1032 1915 1106 1965 nicht
1123 1915 1242 1980 adjura.)
1268 1919 1322 1967 Da·

140 1986 207 2035 ruach
226 1985 272 2033 hat.
292 1999 352 2032 mun
371 1985 398 2032 in
420 1983 478 2033 dem
492 1983 573 2034 Liede
591 1985 668 2032 eiuren
686 1983 920 2034 niederdeutsehen
933 1984 1121 2050 Pilgergeeang
1137 1985 1255 2049 genehen
1267 1985 1321 2036 und

139 2053 184 2102 ihn
205 2055 252 2102 mit
265 2053 311 2103 der
323 2052 452 2117 Girberga
465 2052 633 2102 Flandrensis
648 2054 684 2101 im
697 2053 785 2102 Briafe
797 2052 843 2102 dee
855 2053 1091 2103 Pseudo-Calixms
1104 2055 1132 2103 in
1144 2054 1321 2119 Verbindung

138 2122 272 2187 gebracht.
302 2122 353 2170 Die
372 2122 490 2171 Nenrnen
508 2121 553 2171 des
572 2121 667 2170 Liedes
685 2121 830 2171 entzifferte
847 2123 880 2172 D.
898 2119 964 2171 Jose
976 2122 1067 2172 Plures
1079 2123 1200 2187 Lnguna,
1219 2124 1327 2173 woraut'

138 2192 185 2241 der
202 2191 391 2255 Pilgergusang
413 2190 471 2239 auia
490 2191 564 2240 Neue
590 2191 617 2238 in
640 2189 686 2239 der
708 2189 780 2240 alten
798 2189 958 2240 Kathedrale
981 2190 1099 2255 erklang.
1135 2192 1193 2241 Das
1212 2192 1323 2242 Boletin

139 2259 226 2309 oficial
253 2259 295 2309 dal
318 2259 491 2323 arzohispado
516 2259 548 2308 de
567 2257 694 2323 Santingu
718 2274 777 2307 vom
804 2254 846 2306 29.
864 2258 921 2308 Juli
949 2256 1015 2308 1882
1033 2258 1160 2309 sehildert
1178 2262 1206 2308 in
1224 2260 1322 2310 enthu-

139 2328 294 2377 siastiseher
312 2327 400 2376 Weiau
420 2327 471 2376 den
489 2326 634 2386 Eindruek‚
654 2327 704 2377 den
722 2326 764 2376 die
782 2325 950 2391 Ausffihrnng
968 2327 1078 2378 maehte.
1107 2327 1170 2377 Wer
1187 2327 1238 2377 dae
1251 2329 1323 2379 Pak-

140 2396 227 2445 similn
250 2397 335 2445 dieser
356 2397 474 2445 Nenrnen
498 2396 541 2445 bei
558 2396 626 2453 Fur„
652 2395 796 2445 Rinuardos
819 2392 861 2447 45.
884 2395 1006 2461 genehen,
1034 2396 1092 2446 dem
1111 2396 1224 2446 braueht
1242 2398 1321 2447 nieht

140 2472 196 2514 eret
214 2465 334 2515 irenierht
353 2480 385 2513 zu
403 2464 516 2523 werden,
534 2463 592 2514 dass
605 2464 666 2513 Don
677 2461 742 2514 Jort
754 2464 846 2514 Floras
858 2465 969 2529 Laguna
977 2464 1118 2527 jedeniallr
1131 2466 1206 2514 seina
1218 2466 1319 2529 fluiter,
1370 2500 1376 2511 ,

138 2533 273 2582 vielluieht
290 2533 357 2583 auch
376 2532 431 2582 sich
452 2532 536 2583 selhst
553 2530 716 2597 myrtifiniert
734 2531 788 2583 hat.

516 2767 559 2825 23.
594 2767 716 2839 hymnus
734 2766 769 2825 de
787 2783 809 2826 e.
829 2768 941 2827 Jaenho.

388 2913 415 2973 1.
440 2913 528 2986 Signa
549 2917 615 2971 sunt
636 2911 719 2971 nobis
741 2928 833 2988 saera,
856 2928 929 2986 qnae
946 2913 1088 2987 leguntur,

438 3000 472 3059 In
496 2997 598 3072 quibus
620 2998 697 3057 vitae
718 2999 852 3072 specular
873 2999 974 3058 heatae

435 3085 483 3144 Ad
507 3100 595 3143 novas
618 3089 728 3143 mentes
748 3089 830 3158 patet
851 3100 940 3158 usque
960 3085 1036 3144 veris

522 3169 672 3232 Israelitis.

385 3328 413 3386 2.
437 3324 527 3384 Vasta
549 3324 656 3383 deserti
678 3324 859 3399 peragrando
881 3322 986 3381 sensim

438 3410 545 3468 Laetus
567 3409 708 3468 Hebraeis
731 3409 811 3468 loeus
833 3414 877 3467 est
899 3416 1040 3483 repertus,

439 3498 528 3569 Quem
551 3496 650 3570 legunt
670 3495 777 3568 Betim,
796 3492 851 3557 fuit
873 3495 920 3553 hic
941 3492 1081 3568 proiectis

525 3581 639 3642 Mansio
661 3586 751 3643 sexta.

386 3740 414 3797 3.
438 3736 573 3795 Pontium
596 3735 641 3796 bis
663 3751 714 3794 sex
736 3734 777 3793 ihi
799 3740 866 3793 sunt
887 3731 994 3794 fluenta

438 3824 508 3883 Cum
531 3821 682 3881 sonulani
704 3821 834 3880 relevare
853 3826 930 3896 nata,

436 3907 519 3966 Stant
541 3908 603 3981 spei
626 3905 736 3967 fruetus
759 3906 926 3980 decorisque
948 3906 1061 3979 palmae

524 3992 720 4068 Septuaginta.

384 4151 413 4210 4.
438 4148 526 4206 Gesta
548 4164 594 4206 res
616 4148 683 4207 talis
706 4146 823 4221 paribus
846 4145 945 4219 figuris

436 4234 572 4292 Ordinem
593 4235 717 4310 primum
738 4239 819 4292 notat
840 4238 870 4291 et
890 4231 1056 4309 seeundum,

436 4319 489 4391 Qui
509 4318 568 4379 fide
590 4320 735 4380 Christum
757 4335 842 4378 eruce
863 4322 931 4378 sunt
951 4318 1043 4377 secuti

518 4406 741 4480 Discipulurum.
