2918 4868
600 284 831 351 ..158-

196 462 313 536 Sprevit
334 460 433 520 mundi
455 460 575 535 gloriam

196 548 237 607 Et
258 547 353 607 carnis
374 546 521 606 lasciviam

238 633 303 692 Jam
325 637 420 693 ruente
442 632 600 706 sublimior,

132 717 168 780 V.
195 720 228 778 In
252 719 363 778 camino
386 719 514 777 caritatis

197 805 334 864 Fructum
355 803 480 877 probans
503 804 653 874 castitatis,

238 890 321 951 Omni
340 890 417 949 vitro
435 889 543 963 purior.

145 1051 174 1107 2.
197 1045 314 1105 Decora
333 1041 408 1103 facie

243 1127 371 1190 Relnlsit
392 1128 529 1202 moribus,

243 1216 353 1276 Pressit
376 1215 531 1273 virtutibus

200 1302 303 1375 Legem
326 1300 477 1373 superbiae

201 1387 333 1446 Subdens
355 1387 485 1460 egregiae

200 1475 299 1531 Annos
321 1470 460 1533 infantiae

140 1551 146 1562 ’
242 1557 328 1631 Legis
350 1557 496 1630 apicibus;

136 1646 169 1707 V.
197 1644 310 1702 Aetatis
333 1649 448 1700 tenerae

241 1730 331 1788 Actus
354 1727 487 1786 nobilitat

198 1815 238 1873 Et
259 1814 374 1875 Christo
397 1813 491 1872 vivere

242 1901 370 1958 Honeste
392 1899 506 1972 cogitat.

148 2059 177 2118 3.
204 2054 241 2114 Ut
263 2053 368 2112 crescit
389 2067 518 2125 corpore,

243 2139 355 2201 Crescit
376 2138 539 2210 virtutibus,

200 2225 305 2285 Studet
326 2242 379 2298 pro
401 2231 530 2298 tempore

244 2312 303 2371 Piis
323 2309 468 2384 operibus,

200 2399 278 2470 Quae
302 2397 362 2470 regi
385 2396 509 2454 omnium

203 2484 290 2541 Parat
312 2481 467 2554 hospitium

247 2567 342 2625 Fideli
364 2572 497 2644 pectore3

139 2653 176 2717 V.
202 2654 295 2725 Hujus
317 2653 499 2726 praeconium

247 2738 371 2798 Attollat
391 2737 524 2797 laudibus

204 2824 302 2887 Turba
324 2823 461 2882 fidelium.

264 3049 306 3108 In
329 3051 357 3112 2.
378 3047 584 3122 Nocturna.

338 3183 513 3249 Antiphontis.

153 3309 179 3367 l.
204 3308 238 3366 Iu
260 3306 420 3365 mundanae
441 3306 592 3378 pravitatis

250 3393 415 3466 Pugnatum
435 3392 529 3450 stadio

206 3479 299 3551 Supra
322 3475 414 3537 femur
435 3477 576 3536 castitatis

249 3565 286 3624 Se
308 3563 470 3636 praecinxit
491 3563 596 3634 gladio.

153 3723 182 3779 2.
208 3719 237 3778 Si
261 3725 357 3790 surgat
380 3718 540 3790 tribulatio,

248 3804 340 3862 Deum
363 3804 449 3863 habet
466 3802 616 3880 refugium,

207 3890 238 3951 Si
261 3890 350 3948 hostis
372 3890 542 3963 persecutio,

249 3975 381 4034 Christus
402 3982 447 4033 est
468 3976 650 4048 adjutorium.

154 4133 181 4191 3.
206 4131 376 4190 Constructo
398 4129 534 4188 coenobio

249 4220 395 4290 Aggregat
417 4216 575 4290 collegium,

250 4302 291 4362 Ut
313 4302 387 4360 sicut
406 4302 572 4360 laetantium

207 4388 275 4449 Fiat
295 4388 444 4449 habitatio.

938 460 1123 529 Respomriu.

762 567 789 625 1.
813 565 897 625 Felix
918 564 1035 625 Martha
1056 563 1191 635 sollicita,

812 651 900 724 Cujus
923 656 1018 709 exstat
1039 647 1164 709 officium

813 735 994 810 Disponendi
1015 735 1185 812 convivium,

814 823 875 894 Quo
896 827 998 895 pascat
1019 837 1104 880 sensu
1125 820 1264 894 praedita

814 907 969 979 Christum,
992 907 1038 966 cni
1060 911 1155 964 mente
1174 904 1298 966 subdita

815 994 897 1052 Pium
919 993 1039 1066 praebet
1060 991 1244 1068 obsequinm3

751 1081 788 1140 V.
815 1079 897 1137 Licet
918 1094 971 1151 per
992 1078 1180 1136 ministerium

857 1163 1003 1223 Turbetnr
1024 1179 1092 1237 erga
1113 1162 1247 1239 plurima,

814 1251 862 1311 Ad
883 1267 969 1308 uuum
992 1249 1182 1309 necessarium

857 1335 932 1393 Fide
954 1335 1045 1393 currit
1066 1333 1295 1408 promptissima.

763 1443 791 1500 2.
815 1440 838 1498 0
861 1437 1015 1511 singularis
1037 1437 1139 1511 gratia,

815 1523 960 1584 Christum
981 1523 1012 1582 in
1034 1538 1121 1582 carue
1143 1518 1258 1594 recipit,

816 1611 904 1682 Quem
926 1609 1003 1668 intus
1022 1607 1080 1667 tide
1101 1607 1226 1679 concipit

815 1694 988 1756 Imitandnm
1009 1711 1064 1767 per
1084 1694 1186 1770 omniu,

815 1782 854 1841 Et
876 1786 975 1854 spreta
994 1795 1100 1853 pompe
1121 1778 1233 1853 generis

816 1866 958 1939 Exemplo
980 1865 1088 1925 Christi
1111 1863 1246 1938 pauperis

816 1953 866 2011 Fit
887 1968 999 2025 pauper
1018 1951 1195 2026 voluntaria3

753 2041 787 2099 V.
815 2038 880 2097 Non
903 2037 1055 2095 mundanis
1077 2034 1214 2110 angustiis

859 2124 1010 2182 Alteratnr
1029 2121 1159 2192 intentio,

817 2209 875 2268 Sed
897 2207 1018 2280 abjectis
1039 2207 1167 2265 mollitiis

861 2295 898 2353 Se
920 2293 1042 2367 castigat
1064 2292 1166 2355 cilicio.

764 2401 793 2459 S.
816 2397 957 2456 Draconis
979 2392 1114 2453 ferocitas

815 2483 865 2541 Fit
886 2482 963 2540 mitis
983 2488 1012 2539 et
1031 2480 1156 2550 humilis,

818 2569 887 2628 Cum
910 2567 1044 2626 Marthae
1064 2563 1218 2625 laudabilis

819 2653 993 2727 Supervenit
1013 2653 1162 2723 sauctitas,

815 2741 855 2798 Et
876 2755 949 2797 novo
972 2737 1130 2814 miraculo,

817 2828 904 2897 Quem
927 2825 1030 2883 armati
1052 2821 1153 2896 populi

817 2912 881 2971 Nou
904 2911 1011 2968 audent
1032 2908 1178 2977 invadere,

818 2997 949 3054 Vinctum
971 2997 1000 3053 in
1023 2993 1170 3067 signaculo

820 3082 919 3143 Crucis
942 3078 1108 3139 salutiferae

821 3165 1045 3241 Comprehendit
1068 3163 1197 3237 cingulo,

756 3253 791 3315 V.
819 3254 884 3313 Jam
906 3251 1009 3314 Judith
1031 3250 1151 3310 audacia

864 3340 918 3397 Per
940 3339 1013 3396 hanc
1035 3337 1197 3407 innovatur,

821 3425 896 3485 Ilum
918 3423 1000 3498 plebs
1022 3422 1162 3481 liberator

863 3510 921 3569 Sub
944 3511 1006 3581 ejus
1027 3507 1165 3581 potentia

873 3733 913 3791 In
934 3733 963 3793 3.
988 3733 1198 3790 Nocturno.

949 3849 1126 3914 Antiphonae.

768 3961 794 4019 1.
818 3957 938 4016 Cantate
961 3953 1083 4012 Domino

822 4042 941 4101 Devotis
964 4038 1081 4098 vocibus
1103 4035 1107 4042 “

820 4128 937 4187 Martha
959 4124 1077 4184 sedibus

860 4212 978 4272 Fruitur
999 4210 1121 4284 superis,

862 4301 928 4360 Jum
951 4298 1026 4355 vitae
1048 4295 1153 4356 veteris

819 4383 927 4458 Elapso
947 4382 1078 4442 termino.
