2918 4868
624 293 833 358 ..95-

551 461 605 519 139.
642 464 679 519 llo
697 464 793 518 saneto
813 459 912 517 Blasio.

629 582 670 636 Ad
688 583 828 652 Vesperas.

147 711 175 770 1.
199 710 274 780 Tibi,
298 710 420 780 Christe,
440 711 497 768 dux
521 719 549 768 et
573 711 668 785 decus,
759 711 787 768 3.
811 707 914 766 Mundi
937 723 1010 765 vana
1033 703 1238 763 contemnendo

242 802 320 854 certa
342 813 409 869 spes
432 795 568 865 fidelium,
856 793 996 865 quaesivit
1019 789 1161 864 coelestia,

196 881 304 941 Merita
326 888 577 941 commemorantes
811 878 944 937 Animam
968 894 1020 950 pro
1040 882 1069 937 te
1091 874 1223 948 ponendo

238 983 425 1039 supernomm
448 968 552 1025 civium
854 965 976 1036 adeptus
999 968 1043 1020 est
1064 959 1177 1035 gandia,

196 1052 310 1110 Laudes
334 1052 433 1112 demus
456 1053 485 1110 in
509 1053 563 1110 hoc
586 1052 659 1110 testo
811 1054 889 1120 Quae
912 1048 1026 1108 dilectis
1048 1045 1228 1120 praeparasti

241 1137 331 1195 Blasii
355 1137 507 1209 pontificis.
853 1133 969 1192 sedibus
991 1132 1136 1206 angelicis.

143 1242 172 1300 2.
199 1240 253 1309 Qui
275 1248 304 1296 te
327 1256 440 1312 semper
463 1257 535 1312 puro
558 1240 644 1298 corde
758 1242 787 1302 4.
811 1239 898 1314 Ergo,
919 1237 1043 1307 Christe,
1067 1234 1114 1307 pie
1134 1238 1226 1308 pater,

241 1324 358 1383 vocibus
381 1332 409 1381 ct
431 1326 542 1383 aclibus
856 1323 909 1380 tibi
933 1328 999 1382 uota
1021 1319 1176 1391 fundimus,

200 1411 292 1482 Super
313 1411 409 1468 omnia
430 1411 531 1468 dilexit
816 1411 855 1470 Ut
877 1408 1003 1466 athletae
1026 1405 1066 1465 tui
1089 1406 1181 1463 victus

240 1511 361 1567 sequens
380 1495 448 1553 totis
471 1496 589 1571 viribus,
857 1494 966 1552 meritis
987 1498 1017 1549 et
1038 1491 1172 1564 precibus

194 1580 234 1638 Et
256 1587 287 1637 ln
310 1597 373 1638 eum
397 1581 539 1639 decorasti
584 1645 588 1656 Ι
813 1579 904 1638 Nobis
926 1579 1024 1650 dones,
1047 1593 1120 1650 quae
1144 1575 1256 1634 donasti

240 1665 374 1724 laudibus
396 1666 564 1740 magnificis.
854 1664 975 1723 testibus
998 1662 1141 1722 veridicis.

500 1774 528 1829 5.
551 1769 651 1829 Gloria
673 1768 711 1826 sit
733 1768 795 1827 Deo
817 1767 893 1841 patri

595 1854 741 1929 gloriaque
761 1854 865 1928 genito,

552 1939 652 1999 Gloria
675 1939 713 1997 sit
736 1939 881 2012 coaequali

592 2025 692 2084 inclito
714 2025 863 2097 paraclito,

549 2111 601 2172 Cui
624 2112 685 2168 lans
707 2110 800 2168 estin
822 2117 968 2168 aeternnm

593 2212 656 2255 cum
679 2195 789 2254 civibus
812 2194 936 2257 coelicis,

208 2314 283 2362 llrsv.
308 2331 355 2363 ms.
374 2315 603 2381 Calagurritanum
629 2330 698 2364 saec.
719 2311 757 2363 14.
777 2313 839 2363 Cod.
859 2311 1046 2361 Salmanticen.
1068 2306 1122 2359 186.
1141 2311 1172 2358 A.
1192 2334 1223 2343 -
1244 2310 1319 2359 lirav.

141 2381 371 2445 calagurritarum
390 2390 416 2433 et
434 2384 599 2434 Calciatensa
617 2385 679 2448 imp.
699 2382 824 2432 Lucronii
846 2376 918 2430 1543.
938 2381 967 2429 B.

549 2633 603 2695 lto.
636 2634 674 2691 lle
692 2635 789 2690 sancto
806 2630 908 2689 Blasio.

639 2756 681 2810 Ad
700 2754 814 2809 Laudes.

141 2877 168 2935 1.
192 2877 378 2934 Exsultemus
401 2878 591 2954 concorditer,
755 2883 783 2938 4.
807 2879 895 2937 Jnssu
917 2877 1031 2951 tyranni
1054 2877 1175 2950 capitur,

195 2961 354 3019 Psallamus
376 2963 549 3021 unanimiter
807 2965 853 3023 Ad
877 2979 960 3035 quem
984 2979 1046 3020 cum
1069 2963 1160 3020 laetus
1184 2959 1306 3030 ducitur,

195 3047 308 3106 Laudes
331 3047 407 3105 beati
430 3048 519 3106 Blasii
808 3050 908 3108 Multis
932 3049 1051 3106 salntem
1075 3047 1176 3106 tribuit

198 3130 376 3204 Referemus,
400 3151 416 3190 ο
439 3133 518 3191 socii.
808 3135 967 3208 Fidemqne
990 3133 1095 3192 Christi
1120 3133 1224 3194 docuit.

145 3239 171 3295 2.
197 3235 253 3292 Hic
275 3236 304 3291 in
327 3236 520 3295 adolescentia
756 3244 784 3297 b.
809 3239 878 3297 Post
900 3238 989 3294 multa
1011 3235 1105 3294 carnis
1128 3235 1249 3294 verbera

196 3319 338 3378 Concessa
360 3323 415 3378 sibi
438 3323 530 3395 gratia
810 3321 1006 3394 Suppliciiqne
1028 3336 1133 3395 genera

197 3405 281 3464 Ceste
303 3413 457 3480 sancteque
480 3409 576 3466 vivere
810 3411 842 3467 ln
868 3409 976 3466 coelum
998 3412 1076 3465 recto
1097 3407 1213 3465 tramite

196 3491 297 3563 Coepit
318 3491 416 3550 divino
440 3510 564 3554 munere.
809 3493 982 3552 Conscendit
1004 3508 1088 3551 caeso
1109 3492 1212 3564 capite.

143 3595 171 3652 3.
195 3593 380 3652 Pontificatns
405 3595 526 3652 culmine
757 3599 786 3654 6.
812 3594 931 3654 Alhlela
953 3600 984 3652 tu
1005 3592 1168 3662 fortissime,

193 3680 321 3738 Functus
344 3682 372 3737 in
397 3681 450 3738 Dei
474 3682 586 3738 tremine
815 3681 945 3754 Deposce
967 3696 1043 3737 nnnc
1065 3679 1192 3752 piissime

193 3765 305 3823 Relicta
328 3765 413 3824 turba
436 3766 539 3824 civium
813 3766 967 3838 Christum,
990 3771 1020 3822 nt
1043 3765 1100 3823 tois
1121 3765 1254 3838 precibus

194 3849 322 3908 Montem
346 3853 459 3911 colebat
480 3852 602 3913 devium.
804 3852 883 3912 Coeli
903 3852 1057 3924 jnngamur
1079 3850 1196 3909 civibus

502 3957 528 4014 7.
553 3956 668 4012 Summo
690 3955 752 4012 Deo
774 3954 813 4012 sit
834 3955 924 4028 gloria

552 4043 608 4100 Pro
632 4039 765 4113 martyris
788 4039 917 4114 victoria,

548 4128 601 4198 Qui
625 4132 690 4199 post
713 4126 807 4184 carnis
828 4125 936 4184 auxilio

550 4213 614 4270 Suis
637 4213 724 4269 donat
746 4211 889 4269 eoelestia.

211 4327 281 4375 llrov.
307 4343 353 4374 ms.
374 4327 600 4392 Calagurritanorum
626 4344 694 4378 saec.
722 4327 759 4378 14.
779 4329 842 4379 cod.
862 4329 1047 4379 Salmanticem
1068 4324 1123 4378 186.
1141 4327 1172 4376 A.
1193 4355 1224 4363 -
1245 4329 1320 4378 Brev.

140 4394 367 4458 Calagurritanum
387 4401 413 4447 et
429 4397 596 4447 ‹falciatanse
614 4399 674 4462 imp.
695 4397 822 4448 Lucronii
842 4393 914 4448 1543.
932 4398 962 4447 B·
983 4423 1012 4432 -
1035 4397 1085 4448 su.
1106 4393 1205 4449 ltsult
1221 4397 1251 4446 A.
