2918 4868
652 279 863 342 „34-

319 474 359 531 ln
383 471 588 535 Laudibus.

360 622 535 689 Antiphonae.

183 764 210 825 1.
232 763 365 822 Ecclesia
388 762 535 821 exsultans

278 848 441 906 moduletur
463 848 590 907 carmina
606 847 732 920 laudum,

234 936 267 992 ln
290 939 383 991 terras
405 932 492 991 hodie

279 1018 430 1077 descendit
450 1017 542 1092 gloria
563 1016 645 1077 coeli.

182 1177 217 1238 2.
240 1172 419 1245 virginitatis
438 1171 539 1243 honor,

277 1264 399 1315 matrum
430 1255 610 1315 sanctissima
632 1261 733 1329 mater,

235 1343 363 1402 Maxima
384 1344 461 1411 sunt,
485 1340 592 1399 celebri

280 1428 332 1486 tibi
344 1444 417 1500 qnae
428 1425 631 1487 famulantibus
639 1426 734 1487 alters.

241 1548 319 1597 Brev.
336 1545 509 1596 Zamoranum
528 1547 592 1610 imp.
611 1540 684 1595 15⁸¹.

796 455 825 514 3.
849 452 935 511 Veste
957 450 1123 524 triumphali

892 537 972 612 virgo
993 536 1140 610 insignivit
1162 543 1296 614 amatum,

848 623 955 683 Contra
978 622 1074 680 bostes
1096 623 1157 695 ejus

884 707 1349 781 retulitquiagrandetmphaeum.

795 813 826 873 4.
851 811 971 872 Siderea
993 808 1130 883 effulgens

892 896 972 955 vultu
994 894 1174 956 sanctissima
1196 895 1276 970 virgo

849 981 971 1055 Expulit
992 997 1026 1040 ex
1050 981 1158 1054 templo

893 1067 1027 1126 tenebras
1042 1068 1206 1139 clarumque
1221 1067 1348 1141 reliquit.

797 1172 826 1231 5.
849 1169 1019 1229 Toletanum
1042 1168 1127 1227 hodie

893 1253 1046 1313 resonabat
1068 1253 1194 1314 carmina
1209 1251 1348 1328 templum

851 1340 976 1401 Vocibus
997 1339 1144 1414 angelicis,

890 1428 991 1486 aderat
1013 1425 1081 1499 quia
1102 1425 1181 1484 curia
1204 1425 1284 1486 coeli.

578 1811 604 1868 8.
639 1811 678 1869 llo
697 1812 784 1869 licata
802 1810 893 1868 llario
910 1810 942 1868 V.

293 1986 349 2044 Ad
371 1985 612 2048 Matutiaum.

355 2121 548 2171 Invitatorium.

234 2245 342 2319 desum,
363 2242 411 2315 qui
434 2260 547 2302 carnem
570 2242 663 2302 induit

279 2327 407 2400 Virginei
430 2328 558 2401 pudoris,

236 2415 270 2473 lu
294 2413 374 2484 cujus
397 2430 482 2472 carae
505 2411 612 2472 ferbuit

278 2498 417 2571 Stupeudi
439 2499 483 2558 ris
506 2499 620 2572 amoris,

236 2585 320 2643 Mens
339 2582 444 2655 jubilet
465 2584 595 2656 interius,

236 2670 300 2728 Vox
324 2668 455 2727 conciunt
474 2670 600 2728 exterius

278 2756 312 2815 In
335 2755 449 2828 organis
472 2754 591 2820 sonoris,

295 2979 335 3036 ln
360 2977 388 3038 1.
412 2976 615 3035 Nocturna.

364 3112 540 3179 Antiphonae.

187 3235 215 3297 l.
239 3235 326 3307 Virgo
348 3234 473 3308 prudens
496 3234 629 3294 emiserat

279 3321 382 3378 Votum
405 3321 578 3394 integritatis

239 3405 300 3464 Nec
322 3405 430 3464 nubere
452 3407 628 3480 decreverat,

279 3491 344 3552 Nisi
370 3508 422 3563 per
444 3491 573 3551 veritatis

237 3576 399 3649 oraculum,
422 3577 596 3650 spiraculum

238 3662 276 3721 Et
299 3661 470 3735 stupendum
493 3662 686 3735 spectaculum

281 3748 434 3807 Constaret
457 3746 511 3805 sibi
533 3746 612 3808 satis.

186 3855 216 3912 2.
239 3850 338 3910 Virtus
361 3849 459 3909 diviua
481 3849 585 3908 claruit

280 3938 349 3998 Cum
371 3935 469 4010 virgae
490 3940 719 4012 praesentantur,

236 4022 282 4081 Ex
304 4021 406 4093 quibus
428 4021 507 4081 nulla
528 4018 625 4080 floruit

279 4107 341 4164 Nec
363 4105 480 4165 lmndcs
503 4106 669 4180 dilatantur,

236 4191 294 4250 Sed
318 4192 399 4266 virga
418 4192 527 4266 Josepb
549 4190 655 4265 floruit,

237 4279 358 4338 Tantum
382 4283 411 4336 et
430 4278 495 4352 ipsa
514 4276 644 4337 imaduit

279 4363 320 4424 Et
341 4361 450 4424 tructus
469 4369 652 4427 renovantur.

803 1991 831 2049 3.
856 1987 930 2045 Visis
953 1988 997 2045 his
1019 1986 1198 2046 mirabilibus

891 2073 961 2132 ator
983 2072 1063 2147 virgo
1087 2073 1285 2146 desponsatur,

850 2157 907 2216 Sed
930 2175 948 2217 a
970 2159 1088 2218 secretis
1110 2157 1227 2218 sedibus

893 2242 973 2303 Talis
994 2246 1040 2303 lex
1062 2244 1211 2321 allegatur,

850 2329 933 2401 Quod
955 2330 1076 2403 primurn
1093 2327 1191 2388 florem
1208 2329 1350 2405 virginum

851 2414 946 2473 Primo
969 2415 1116 2487 splendori
1138 2415 1275 2474 luminum

890 2499 998 2560 Deberi
1021 2500 1202 2563 causabatur.

975 2671 1161 2735 Responsoria.

798 2793 827 2854 1.
850 2791 962 2850 Oroatis
985 2790 1171 2863 percuntibus

892 2877 981 2935 Totas
1003 2877 1125 2936 mundus
1148 2877 1294 2950 multatur,

849 2961 925 3021 Hinc
947 2962 977 3020 in
998 2962 1118 3022 secretis
1139 2962 1248 3022 sinibus

894 3047 1040 3107 Secretum
1062 3053 1266 3122 pertractatur,

851 3134 921 3193 Cum
944 3150 999 3206 quo
1020 3133 1097 3192 misd
1119 3133 1158 3193 ad
1181 3134 1319 3209 virginem

850 3219 913 3277 Rex
936 3218 1008 3277 coeli
1031 3216 1238 3294 fortitudinem,

894 3304 935 3364 Ut
956 3304 1078 3364 mundus
1100 3305 1267 3365 redimatur.

786 3391 821 3451 V.
848 3389 950 3449 Almus
971 3390 1163 3464 apocrisarius

893 3476 934 3537 Ut
954 3475 1092 3550 virginem
1114 3475 1228 3551 udatur,

849 3560 971 3622 Animus
992 3562 1054 3633 eJus
1076 3561 1178 3622 auxius

892 3646 1051 3705 anescens
1073 3647 1237 3719 meditatur,

891 3733 985 3805 Quare
1006 3731 1049 3791 sie
1071 3734 1221 3793 salutatur.

795 3855 825 3913 2.
849 3849 993 3911 Gabrielis
1014 3854 1159 3912 oraculum

894 3936 934 3996 Ut
955 3938 1036 4012 virgo
1058 3938 1239 4012 ponderavit,

849 4021 919 4080 Mox
943 4023 1037 4083 cordis
1060 4022 1252 4083 habitaculum

893 4106 1004 4181 Sponsa
1026 4125 1135 4168 summo
1155 4110 1276 4183 aptavit,

851 4192 891 4250 ut
911 4197 1002 4252 totum
1025 4192 1105 4268 virgo
1126 4193 1261 4267 credidit,

849 4276 931 4351 Quod
953 4280 1168 4353 paranymphus
1190 4281 1292 4353 edidit,

892 4362 954 4423 Noc
975 4363 1129 4440 quidquam
1154 4365 1304 4428 dubitavit.
