2918 4868
600 229 837 295 -183-

249 405 290 465 ln
315 407 343 468 3.
367 407 578 468 Noeturuo.
890 404 933 463 In
957 402 1164 462 Laudibus.

329 523 504 591 Antipbouus.
943 537 1118 605 Antiphon&

143 631 172 693 1.
196 631 324 704 Antiqua
344 631 481 690 miracula

237 716 346 775 Vident
368 716 520 791 pullulare,

195 801 250 875 Qui
273 803 334 874 ejus
356 802 472 861 oracula

238 888 346 946 Volunt
366 886 506 962 flagitare.

142 992 171 1053 2.
194 989 307 1063 Verbis,
331 991 420 1064 siguis
441 990 540 1049 micuit

240 1076 334 1135 Vitam
358 1077 464 1135 duoeus
486 1079 624 1151 sanctam,

195 1163 266 1222 ldeo
287 1163 445 1235 promeruit

237 1248 341 1308 Sedent
361 1254 442 1306 tuere
464 1254 581 1310 tautam.

146 1353 174 1412 3.
196 1352 301 1411 Sancte
322 1350 432 1424 Turibi,
457 1348 603 1409 confessor
758 1384 787 1442 3·
811 1378 926 1440 profert
948 1383 1122 1456 apostolicus

236 1436 352 1496 D⁰¹¹¹i¹¹i
374 1436 527 1510 pretim
854 1466 1031 1528 Thesaurum
1054 1468 1233 1527 oommissum

197 1523 306 1581 Adesto
328 1523 418 1580 nostis
440 1520 575 1594 precibus
811 1552 969 1626 Presbyter
989 1555 1140 1613 mrim

238 1609 306 1668 Pius
329 1615 359 1665 et
379 1608 530 1681 propitius.
854 1637 924 1697 Cum
945 1640 1040 1698 usuris
1062 1640 1188 1700 missum.

320 1743 506 1808 Respousoria
758 1744 787 1803 4.
810 1741 855 1800 En
877 1757 976 1801 servuli
998 1741 1093 1802 fidelis

146 1849 174 1909 1.
197 1848 319 1906 Matrem
341 1848 401 1907 nari
852 1827 889 1887 ob
912 1829 966 1887 boo
988 1828 1150 1901 deauratur,

238 1931 351 1992 flentem
373 1949 427 2006 pro
449 1930 549 1992 funere
809 1913 891 1974 Sioda
913 1913 1092 1973 delectabilis

198 2018 376 2092 (molatur,
853 2015 911 2059 una
931 2000 958 2058 ei
981 1999 1075 2064 datur.

240 2102 313 2162 huuc
333 2104 389 2163 Dei
413 2120 530 2163 munere
758 2105 786 2160 5.
810 2099 933 2159 Securus
955 2106 984 2159 et
1005 2103 1143 2176 reliquam

760 663 787 725 1.
811 663 952 737 Egressus
973 664 1034 737 ojus
1057 664 1176 738 spiritus

852 748 928 807 redit
951 750 990 809 ad
1009 750 1118 808 eoelum
1140 749 1235 827 bodie,

813 833 864 893 cui
886 842 1042 896 occurrunt
1059 851 1184 909 propere

854 919 931 979 eires
954 921 1085 980 eoelestis
1108 922 1215 982 curiae.

758 1024 787 1082 2.
810 1020 886 1092 Quid
908 1021 962 1081 hoe
984 1029 1083 1082 saneto
1106 1022 1211 1082 elarius

854 1114 945 1166 morte
967 1107 1116 1182 pretiosa?

812 1192 1017 1252 Praesentetur
1038 1194 1164 1268 glorians

853 1278 916 1337 Deo
938 1280 1017 1338 velut
1038 1296 1114 1342 rosa.

238 2189 374 2249 Reddens
396 2191 481 2250 uitae.
852 2192 1001 2259 exspectat
1022 2186 1157 2274 futuram,

197 2274 319 2334 Exsistit
340 2272 457 2336 foedere
811 2271 868 2331 Sed
891 2270 1004 2345 plebem
1026 2290 1083 2332 non
1105 2272 1246 2333 modicum

198 2360 312 2420 Piorum
333 2376 438 2434 genere
853 2357 946 2430 pascit
969 2374 1072 2418 curans
1094 2358 1204 2420 duram.

133 2446 171 2507 V.
199 2445 285 2504 Hune
305 2447 421 2506 mittens
443 2445 643 2521 propheticum

242 2530 339 2591 Virum
363 2539 392 2591 et
413 2530 617 2606 evangelicum.
914 2527 955 2578 Ad
972 2529 1138 2579 benedicam.

145 2638 173 2696 2.
197 2633 340 2694 Tristibus
362 2651 431 2695 oon-
469 2721 475 2734 .
748 2649 785 2710 A.
808 2647 913 2724 Fulget
934 2650 1012 2710 olaro
1032 2652 1146 2711 uomiue

240 2721 335 2779 solans
356 2727 500 2795 apparuit,
856 2735 943 2794 Pater
964 2738 1173 2810 monachorum,

199 2806 321 2865 Laesum
343 2808 451 2866 mulum
813 2819 981 2880 Sanctitatis
1003 2823 1125 2881 eulmine

239 2908 337 2951 sanum
359 2892 494 2969 restituit,
856 2906 975 2966 Praesul
995 2907 1175 2982 populorum,

198 2977 306 3051 Vagum
329 2994 442 3038 servum
811 2990 867 3049 Dei
890 2989 987 3052 truens
1009 2993 1115 3051 lumine

240 3065 336 3122 redire
360 3063 457 3122 docuit
855 3078 980 3137 Veniens
999 3078 1037 3138 ad
1059 3079 1185 3155 eborum,

197 3151 241 3207 Ao
264 3150 378 3208 domino
812 3163 989 3237 Angelorum
1010 3165 1123 3238 agmine

239 3250 291 3292 suo
312 3235 388 3293 buuo
409 3234 550 3308 praebuit,
856 3249 959 3308 Fultus
981 3248 1139 3311 beatorum.

134 3319 169 3382 V.
196 3317 245 3377 Sic
268 3319 414 3394 geminans

239 3405 352 3479 utrique
374 3403 494 3479 gaudia,

197 3489 274 3550 Sana
296 3490 394 3551 reddit
877 3507 917 3565 In
941 3509 970 3566 2.
994 3506 1188 3579 Vesperis.

241 3576 559 3675 membraulanguentia.
919 3640 960 3693 Ad
1061 3640 1087 3692 ,fl

145 3682 174 3743 3.
197 3679 327 3752 Fratres,
350 3695 418 3754 ergo
440 3679 512 3739 tanti
534 3679 626 3755 patris
977 3642 1069 3708 ΜΨ
1087 3647 1138 3693 ω

241 3765 422 3824 Celebremus
444 3765 563 3840 obitum,
748 3766 786 3823 A.
810 3763 906 3824 Claret
929 3770 1009 3824 tauto

197 3850 238 3911 Ut
259 3868 310 3911 nos
329 3853 412 3924 juvet
433 3851 511 3911 boris
532 3851 603 3910 atris
783 3894 792 3902 .
850 3857 933 3924 patre
954 3850 1104 3929 Hisllssssib

240 3935 354 3996 Duoeus
376 3937 414 3996 ad
435 3937 592 3996 exereitum
812 3936 869 3996 Sed
892 3938 957 4009 plus
979 3940 1067 3997 claret

199 4023 278 4083 coeli
298 4023 400 4081 summi
422 4022 498 4094 regis
519 4023 620 4080 matris
851 4029 930 4081 terra
951 4022 1087 4094 Lemnia,

242 4108 417 4181 Angelorum
441 4109 590 4180 comitum3
809 4106 867 4167 Ubi
887 4108 979 4167 omnia

136 4192 169 4252 V.
197 4192 251 4265 Qui
273 4209 377 4252 corona
399 4195 545 4253 laureatus
852 4194 913 4265 01⁰⁸
932 4191 1068 4266 ⁸¹¹¹ff⁸ttia

198 4280 317 4340 Praesut
339 4278 395 4338 iste
416 4276 578 4339 fortunatus
814 4278 931 4338 flauum
953 4278 1031 4337 redit

240 4365 289 4424 Ad
311 4364 444 4424 thronum
466 4382 541 4425 nune
564 4365 686 4427 vehitur.
851 4381 914 4423 cum
937 4366 1023 4438 plena
1045 4364 1138 4427 venia.
