2918 4868
629 262 858 326 -110—

221 437 275 509 Qui
298 437 423 496 Silenum
445 453 531 495 crucc
552 437 696 496 decoravit

218 526 307 596 Quam
329 522 483 582 virtutibus
504 528 633 582 ornatam

221 608 369 668 Praesidit
392 614 422 666 ot
442 607 558 669 amavit.

84 697 92 724 '
158 693 191 754 V.
218 694 292 753 Erat
313 694 386 753 euim
411 709 495 753 verus
517 693 573 752 Dei
595 694 695 767 cultor,

222 780 398 855 Pugauorum
424 777 478 837 fuit
499 780 585 851 ultor,

223 865 351 924 Pretiosa
372 880 482 938 gemma
503 864 624 923 militnm

220 952 302 1009 Hanc
324 950 448 1023 puellum
471 966 523 1023 per
544 950 696 1010 Dominum

219 1036 258 1095 Et
280 1052 393 1095 crucem
416 1036 602 1109 consignavit.

330 1154 370 1204 Ad
388 1152 548 1220 Magnificat.

155 1242 192 1303 A.
216 1240 240 1301 0
262 1241 344 1298 milas
368 1239 532 1318 fortissime,

265 1327 368 1384 bustos
391 1326 529 1398 veritatis,

219 1409 363 1470 Defensor
380 1412 538 1484 justissime

262 1496 365 1557 Totius
386 1497 549 1575 aequitatis,

219 1582 359 1642 Coelcstis
377 1583 437 1655 jam
460 1583 556 1642 cudae

262 1668 329 1727 Una
350 1683 414 1726 curn
436 1667 528 1727 beatis

219 1753 429 1826 Contemplan'a
452 1751 525 1813 facie

260 1839 341 1898 Bona
360 1838 485 1901 deitatis.

281 1976 337 2035 Ad
358 1976 593 2037 Matutiuum.

372 2077 495 2128 Verbeia.

217 2163 282 2236 biju,
306 2180 381 2223 nnnc
405 2162 500 2223 ielioin

259 2249 376 2324 Georgii
397 2247 480 2323 festa,

217 2333 338 2395 Recolm
358 2336 480 2396 ecclesia

259 2421 322 2480 Hac
343 2421 373 2480 in
396 2421 443 2480 die
465 2427 553 2495 gesta.

217 2507 373 2567 Tormenta

258 2592 349 2650 minas
370 2591 534 2651 carnificum

301 2677 369 2735 vicit
392 2684 421 2735 ot
443 2677 532 2753 varia,

216 2762 264 2822 Ad
286 2778 403 2835 rognum

260 2848 361 2907 ductus
383 2847 542 2922 angelicum

301 2933 370 2991 vivit
394 2934 422 2991 in
445 2933 546 3007 gloria.

295 3071 336 3129 lu
359 3068 572 3129 Laudibus.

343 3169 519 3235 Antiphonae.

166 3259 191 3318 1.
218 3257 363 3316 Bellorum
386 3257 454 3315 fidei

259 3343 366 3401 Christi
389 3343 557 3402 vexillarius

835 438 922 496 Scuto
944 435 1101 508 pationtiae

834 523 878 580 Ac
898 521 998 580 laneca
1016 520 1147 593 justitiae

877 607 997 680 Semper
1018 623 1049 665 se
1071 605 1202 667 armavit.

781 730 811 788 2.
834 713 994 785 Draconem
1016 725 1064 783 hic
1082 721 1236 799 interiecit,

834 811 940 885 Regem
963 810 1093 885 regisque
1115 809 1203 868 filiam

876 898 920 955 Ac
943 896 1081 971 populum
1105 893 1249 954 liberavit.

780 1021 809 1078 3.
833 1017 917 1078 Hunc
939 1018 1119 1090 proclamant
1142 1030 1211 1074 voce
1231 1011 1303 1082 alta,

833 1102 908 1161 Dum
931 1107 1091 1162 tractentur
1114 1100 1182 1159 belli
1205 1103 1301 1173 pocta,

875 1189 962 1248 Multi
986 1205 1021 1246 ox
1043 1186 1187 1249 fidelibus.

780 1311 810 1369 4.
834 1307 920 1382 Signo
939 1307 1032 1366 crucis
1053 1322 1086 1366 se
1107 1306 1254 1383 subsignat

833 1394 878 1452 Ac
900 1393 1041 1468 signatum
1063 1408 1094 1450 se
1117 1393 1249 1466 designat

875 1478 926 1538 Ad
946 1478 1024 1537 bella
1042 1478 1211 1551 justissima.

781 1601 810 1658 5.
835 1596 953 1656 Nullum
979 1597 1065 1657 laesit
1087 1614 1139 1658 sua
1161 1598 1228 1670 vita,

836 1682 941 1742 Forma
964 1679 1019 1741 tuit
1041 1689 1070 1741 et
1095 1683 1236 1755 doctriua,

876 1770 937 1840 Quo
959 1769 1087 1828 vitantur
1109 1769 1187 1830 vitia

942 1938 982 1988 Ad
1001 1939 1166 1990 Benedictus.

768 2062 804 2123 A.
828 2061 851 2120 0
875 2077 942 2119 rosa
964 2060 1104 2136 martyrii,

875 2145 991 2218 Georgi,
1013 2146 1160 2218 speculum
1181 2147 1312 2221 militiae,

832 2231 886 2302 Qui
909 2231 1064 2289 thalamum
1086 2232 1195 2293 Christi

873 2316 979 2375 mundo
1001 2318 1137 2389 patiendo
1159 2317 1270 2392 subisti,

832 2400 892 2462 Fac
914 2419 965 2460 nos
987 2408 1128 2475 perpetua

872 2487 1015 2547 coelorum
1037 2490 1177 2548 scandere
1199 2506 1297 2564 regna,

833 2574 874 2634 Ut
896 2574 1011 2632 Christo
1034 2590 1137 2633 cauere

872 2666 965 2718 tecum
987 2659 1097 2731 pariter
1118 2660 1272 2722 valeamus.

897 2864 940 2922 In
962 2866 990 2924 2.
1016 2864 1208 2938 vesperis.

937 2980 978 3030 Ad
995 2978 1156 3045 Magnificat-

767 3085 803 3144 A.
827 3084 955 3142 Aureolo
976 3084 1084 3157 duplici

874 3170 1031 3242 veneraris,
1055 3171 1160 3245 Georgi
1183 3172 1266 3248 almo,

831 3254 891 3313 Fac
913 3271 999 3328 prece
1021 3257 1173 3329 multiplici

869 3356 921 3399 nos
943 3342 1105 3414 porticepes
1129 3339 1190 3400 iore
1205 3343 1333 3415 palmae.

222 3461 299 3510 Brev.
318 3477 365 3510 ma.
384 3462 496 3511 Vicense
514 3461 576 3525 imp.
595 3459 718 3524 Lugduni
741 3455 812 3508 1557.
830 3483 864 3493 —
883 3458 922 3508 Ad
940 3459 1101 3509 Matutinum
1120 3475 1170 3509 nur
1187 3461 1246 3510 eine
1264 3462 1336 3511 Noc·

149 3533 217 3590 turn,
236 3528 279 3579 die
297 3545 365 3595 ganz
384 3531 412 3580 in
432 3531 524 3580 Prosa.

547 3762 589 3819 38.
625 3761 664 3818 lle
677 3762 786 3818 summ
805 3760 933 3835 Georgia.

280 3890 319 3948 In
344 3889 372 3950 l.
396 3889 592 3962 vesperis.

315 4007 400 4073 Super
418 4006 546 4057 Psalmos.

148 4112 185 4171 A.
207 4110 330 4171 Attollat
352 4111 474 4184 populus

255 4196 393 4255 solemnia
415 4197 549 4269 martyris
573 4197 665 4270 hujus,

210 4284 299 4354 Quem
322 4281 427 4340 virtute
449 4281 526 4340 Dens

255 4366 345 4427 cinxit
365 4367 395 4427 in
417 4367 487 4427 orbe
508 4368 582 4441 pius.

885 3889 941 3948 Ad
966 3888 1211 3951 Nocturnum.

961 4007 1136 4072 Antiphontis.

777 4110 804 4170 1.
827 4110 937 4183 Gloria,
960 4111 1022 4170 laus
1043 4117 1073 4169 et
1094 4111 1185 4171 bonor

871 4195 924 4254 tibi
933 4197 981 4270 sit,
994 4196 1144 4255 benedicte
1153 4199 1329 4274 redemptor,

829 4281 882 4353 Qui
906 4279 1020 4340 famulis
1043 4282 1145 4341 tribuis

870 4367 978 4428 coelica
999 4384 1087 4444 regna
1109 4369 1175 4429 tuis.
