2918 4868
635 281 869 347 ..134-

444 501 501 561 ala.
535 502 567 561 lu
584 502 658 561 festo
675 501 847 578 stigmatum
863 518 886 562 s.
904 501 1054 562 Francisei.

639 641 670 696 lu
687 641 713 695 2.
729 641 866 712 vesperis·

164 781 194 843 1.
215 781 265 840 Ad
286 781 435 841 Francisci
458 779 564 841 faunam
585 782 674 856 prisci
777 787 807 847 2.
832 785 874 845 Ut
895 780 1023 843 formosa
1045 783 1129 843 rubet
1152 800 1218 842 rosa

171 885 175 893 ’
258 867 343 927 Facit
364 866 459 928 landis
481 866 638 941 fastigium,
873 869 964 928 Latus
987 886 1122 929 emanans
1145 869 1282 943 sangnine

216 952 299 1026 Quod
321 953 351 1011 in
373 953 429 1013 isto
451 953 538 1013 dante
561 954 675 1013 Christo
831 955 927 1016 Instar
949 957 1008 1014 nati
1032 955 1165 1026 lanceati,

184 1045 189 1053 '
258 1037 402 1112 Fulget
430 1040 724 1115 crnoismyste-
874 1040 1340 1103 Utnoslavaretorimine.

519 1142 626 1184 rrum.

231 1239 306 1292 Bres-
329 1258 377 1295 ms.
399 1245 568 1294 Franciacan.
586 1246 700 1311 Hispan.
725 1260 793 1295 saec.
817 1241 884 1296 ¹⁶lna.
910 1244 974 1295 cod.
1001 1246 1114 1295 Parisin.
1142 1241 1215 1294 1046.
1238 1274 1272 1281 —
1289 1244 1341 1295 Gir.

161 1309 290 1360 Analecta
308 1312 369 1372 ΧΠ,
390 1308 446 1362 121.

565 1581 620 1638 215.
655 1580 694 1638 110
713 1583 809 1639 sancto
828 1582 935 1640 Fracto.

616 1720 647 1775 In
665 1721 746 1790 Vesp.
765 1726 792 1773 et
809 1718 894 1774 Laud.

164 1861 193 1920 1.
216 1859 295 1920 nimi
318 1862 409 1934 patris
430 1861 568 1921 solemnia
778 1867 807 1921 4.
832 1863 897 1934 Cor,
920 1878 952 1920 os
974 1869 1003 1920 et
1024 1863 1153 1937 operatio

216 1946 404 2008 Concelebret
425 1948 556 2020 ecclesia,
832 1948 966 2007 Tendunt
988 1950 1016 2007 in
1040 1948 1131 2007 Deum
1150 1949 1266 2026 jugiter,

216 2030 331 2090 Famosi
352 2033 483 2106 solitarii,
830 2033 885 2092 Est
906 2033 961 2092 sibi
986 2051 1040 2107 pro
1061 2035 1163 2093 solatio

216 2116 327 2191 Fructi,
350 2118 406 2178 riri
428 2118 546 2194 egregii.
831 2118 918 2177 Flore
940 2119 1159 2183 incessabiliter.

162 2272 192 2333 2.
216 2272 295 2331 Dans
317 2274 413 2333 omnia
434 2273 608 2349 pauperibus
780 2277 809 2332 b.
834 2273 912 2332 Vivit
934 2274 1012 2332 clara
1034 2273 1171 2332 memoria

216 2357 267 2416 Fit
288 2360 386 2419 accola
407 2361 437 2419 in
458 2359 611 2433 montibus,
832 2356 939 2417 Factus
961 2358 1077 2418 vivendi
1098 2359 1255 2434 speculum,

218 2445 384 2504 associatus
407 2446 507 2514 bestiis
832 2443 872 2502 Et
896 2444 1053 2503 translatus
1075 2445 1105 2503 in
1128 2445 1220 2519 gloria

216 2530 272 2588 Pro
294 2530 426 2590 humanis
448 2531 569 2593 solatiis.
832 2529 897 2587 Nou
921 2530 1001 2589 deest
1022 2547 1076 2603 por
1097 2531 1251 2589 oraonlnm.

164 2687 194 2747 3.
217 2685 324 2757 digent
345 2686 439 2744 carnis
460 2685 594 2745 incendia
780 2687 809 2746 6.
832 2683 933 2743 Fructi
955 2685 1046 2742 nostri
1069 2686 1189 2758 vestigia

219 2770 318 2828 Herba
340 2777 369 2828 01
390 2776 459 2843 potu
476 2786 576 2844 aquen,
833 2770 878 2828 Da
900 2771 990 2842 sequi,
1014 2771 1090 2828 trina
1113 2769 1214 2845 deitas,

219 2853 305 2915 Cedit
326 2855 416 2913 bostis
439 2855 562 2929 perfidia
833 2855 924 2915 Utin
947 2871 1072 2928 superna
1094 2855 1173 2914 coria

217 2940 250 2999 ln
272 2939 404 2999 conflictu
426 2941 554 3015 spiriteo.
834 2940 926 2998 Nobis
949 2941 1034 3001 cedat
1055 2941 1227 3002 baereditas.

232 3059 309 3108 Brov.
328 3059 488 3124 Segovieuse
506 3062 569 3126 imp.
585 3059 725 3111 Valiaolati
746 3055 819 3109 1527.

565 3328 624 3388 alo.
659 3326 698 3385 110
715 3328 813 3384 sancto
830 3326 940 3384 Fracto.

638 3467 682 3522 Ad
699 3467 871 3523 Nocturnum.

170 3609 197 3669 1.
220 3606 382 3667 Collaetare
403 3608 600 3682 triumphanti,
781 3608 811 3668 3.
834 3608 858 3667 Ο
882 3608 936 3667 1101
958 3608 1104 3666 miseratio

221 3693 245 3753 0
268 3693 395 3751 militans
418 3692 548 3766 ecclesia,
835 3693 1033 3766 Quantumque
1055 3693 1233 3767 beneficium,

221 3778 298 3851 Quae
320 3779 421 3838 Fructi
443 3778 568 3837 concivis
590 3780 683 3837 sancti
835 3780 877 3840 Ut
898 3780 1007 3853 angelis
1029 3779 1178 3838 homuncio

221 3863 297 3924 Colit
319 3869 401 3937 grata
422 3864 569 3926 solemnia.
837 3863 920 3922 Vitae
942 3865 980 3922 sit
1002 3865 1032 3923 in
1053 3865 1236 3925 consortium.

170 4021 200 4079 2.
222 4017 292 4076 Post
313 4022 405 4077 artam
428 4020 642 4098 poenitentiam,
782 4020 811 4078 4.
834 4019 934 4078 Fructi
956 4019 1048 4077 nostri
1070 4018 1190 4092 vesbgm

223 4103 291 4161 Post
312 4101 394 4162 fletus
417 4111 446 4162 et
466 4105 591 4178 suspiria
835 4103 880 4161 Da
899 4104 991 4177 sequi,
1014 4105 1091 4163 trina
1114 4105 1216 4180 deitas,

223 4188 302 4247 Coeli
324 4189 401 4248 subit
422 4191 562 4250 laetitiam
837 4188 877 4248 Ut
900 4189 929 4246 in
952 4206 1076 4262 superna
1098 4191 1178 4248 curia

98 4277 100 4280 ’
222 4272 267 4331 110
290 4275 348 4335 vita
371 4276 509 4340 solitaria
837 4273 928 4332 Nobis
951 4275 1035 4334 cedat
1058 4276 1230 4336 baereditas.

235 4393 312 4444 Bran.
330 4393 491 4459 Segovienso
508 4397 571 4462 imp.
588 4368 729 4447 valisoleti
749 4392 823 4445 1527.
