2918 4868
602 237 837 300 -212-

631 407 753 462 Lectio
772 407 806 460 II.

381 513 407 575 l.
432 512 522 573 Navis
544 520 662 574 sancme
683 513 813 585 sanecta
834 515 975 584 sarcinae,

434 603 509 660 Acta
530 603 629 659 sancto
653 599 709 658 Dei
731 598 878 673 regimine,

433 684 466 743 In
490 685 625 745 extremis
644 684 703 743 oris
725 685 885 758 Hispaniae

434 768 523 832 Urbis
545 777 659 843 portum
682 770 801 844 contigit
821 770 906 832 lrise.

378 909 408 967 2.
434 910 624 980 Prosperauto
647 908 695 967 dio
716 908 830 981 navigio

433 992 565 1070 Psalmis,
588 993 702 1069 hymnis
723 1000 753 1050 et
774 994 909 1053 vaticinio

433 1079 521 1139 Pleno
543 1079 615 1137 lucis
638 1077 699 1137 fors
720 1080 884 1152 septenario

432 1164 606 1236 Quieverunt
627 1171 712 1238 portu
735 1164 878 1224 Petronio.

378 1304 406 1360 3.
432 1301 489 1358 Res
512 1300 651 1372 miranda,
675 1318 728 1373 pro
750 1306 830 1359 tanta
849 1300 941 1375 gloria

430 1386 566 1446 Centrum
588 1386 657 1445 solis
679 1402 732 1459 per
753 1386 825 1445 coeli
848 1387 942 1459 spatia

431 1472 541 1544 Corpus
562 1477 690 1530 sanctum
712 1472 790 1531 levat
811 1471 847 1530 ab
871 1472 930 1532 Iria
984 1534 987 1540 ,

435 1551 451 1588 *
477 1552 495 1591 *
517 1556 567 1615 ubi
589 1574 664 1617 nunc
686 1564 730 1616 est
751 1558 881 1617 ecclesia.

629 1707 746 1761 Lectio
766 1707 813 1760 lll.

384 1833 410 1890 1.
436 1830 485 1888 Bis
507 1830 601 1891 rivata
622 1837 739 1889 vocatur
762 1831 829 1903 Iria,

434 1916 525 1988 Ripae
547 1915 626 1975 saris
648 1921 678 1973 et
699 1916 803 1975 Huliae
826 1917 882 1990 via,

432 2001 489 2061 Seu
512 2002 548 2059 ‹le
571 2007 654 2074 petra
676 2002 745 2061 villa
768 2002 911 2063 Petronis.

433 2086 488 2145 Seu
512 2088 548 2146 de
569 2087 615 2160 yri
636 2081 654 2120 *
679 2081 697 2119 *
720 2087 759 2145 sit
780 2086 882 2161 gratia.

387 2227 416 2284 2.
439 2225 480 2283 At
502 2220 553 2303 [hi]
575 2222 676 2283 flentes
698 2230 808 2298 septem
832 2224 965 2298 discipuli

434 2308 471 2368 So
489 2310 623 2382 elongant
645 2325 698 2383 per
718 2310 783 2368 loca
802 2309 903 2381 iubuli,

435 2394 615 2452 Postulantes
637 2401 778 2453 secretum
797 2394 893 2471 loculi,

436 2481 496 2551 Quo
519 2480 677 2540 recondant
698 2497 803 2554 corpas
825 2481 957 2553 apostoli.

381 2618 409 2676 3.
434 2615 484 2673 Bis
505 2631 555 2673 sex
578 2612 668 2674 fermo
691 2617 736 2676 vel
758 2622 823 2675 octo
846 2616 960 2676 milibus

435 2701 518 2759 Maro
541 2701 630 2760 distat
651 2719 670 2759 a
691 2702 770 2762 Saris
792 2700 935 2779 fluctibus,

437 2786 521 2846 Unde
543 2786 598 2846 Dei
620 2793 765 2860 repertum
789 2786 903 2846 nutibus

433 2873 545 2946 Corpus
567 2873 693 2932 condunt
714 2873 770 2946 piis
790 2872 947 2934 affectibus.

627 3021 748 3076 Lectio
767 3021 811 3075 lV.

383 3146 410 3206 1.
433 3145 519 3204 Arois
541 3146 708 3204 marmoreis
728 3145 841 3218 sepulto
863 3161 983 3219 corporo

433 3227 534 3303 llignis
557 3229 709 3304 obsequiis,
733 3231 830 3291 divino
852 3248 969 3290 munere

435 3316 608 3389 Conspirant
630 3317 759 3394 coelitus,
782 3316 933 3377 draconem
957 3319 1080 3392 perdere

434 3404 478 3459 Ac
501 3410 609 3474 pestem
632 3403 747 3462 noxiam
771 3403 807 3461 do
830 3412 924 3463 moute
947 3404 1057 3463 tollere.

382 3542 410 3599 2.
434 3540 535 3600 Crucis
556 3539 666 3612 signum
690 3540 809 3599 daemon
832 3557 887 3599 nou
910 3542 1020 3614 patitur

434 3624 471 3683 Et
495 3640 548 3697 per
570 3632 698 3683 ventrem
719 3625 828 3684 divisus
850 3626 1000 3702 rumpitur,

435 3713 519 3782 Aqua
541 3726 623 3768 sacra
646 3727 699 3783 por
721 3716 845 3769 montem
868 3712 1022 3785 spargitur,

433 3795 478 3853 Ex
501 3801 569 3853 tuuc
588 3812 670 3855 sacer
692 3812 878 3870 nuncusque
901 3797 1015 3858 dicitnr.

639 3944 759 3999 Lectio
778 3943 810 3998 V.

385 4068 411 4126 1.
436 4068 474 4126 Et
495 4069 543 4142 qni
565 4069 646 4143 prius
670 4070 763 4130 dictus
786 4071 924 4145 illicimus,

434 4153 560 4213 illiciens
581 4155 618 4215 ad
638 4156 741 4230 cnlpae
762 4154 883 4221 facinus.

435 4239 499 4297 Jam
522 4248 650 4301 sacratus
672 4248 703 4300 ut
725 4243 768 4300 sol
791 4249 820 4301 et
844 4244 945 4301 axinus

438 4324 532 4385 Multa
555 4324 636 4401 fruge
656 4328 792 4387 tondetur
814 4328 942 4389 euxinus.
