2918 4868
616 271 845 336 -109-

212 442 406 507 vergonto
427 460 452 510 p.
470 440 535 495 457:
560 445 607 507 „ln
624 444 709 506 libro,
734 447 761 495 iu
780 461 833 510 quo
851 444 935 495 literis
953 444 1072 495 Gothicis
1090 454 1131 495 est
1149 449 1246 512 scripta
1264 449 1321 497 ritu

140 510 168 559 S.
190 511 335 570 Dominici‚
362 513 528 577 reperiuntur
550 512 643 562 iisdem
667 513 751 564 literis
772 513 799 563 hi
818 513 869 562 duo
888 514 978 577 hymni
998 516 1024 562 in
1044 517 1127 579 primo
1145 512 1232 565 folio.“
1270 517 1320 565 Die

141 579 267 641 Hymnen
291 594 380 630 waren
404 581 461 630 slso
485 581 513 630 in
536 581 582 631 der
605 580 778 632 Hnntlsohritt
800 581 847 631 der
869 583 931 631 Vite
954 584 1001 632 auf
1019 583 1069 631 deu
1096 584 1321 634 Vorsetzblsittern

141 641 347 715 nsohgetrugsn.
386 649 431 699 Sis
455 649 515 699 sind
537 649 595 699 dem
615 649 682 700 Stilo
701 649 753 700 und
771 650 817 700 der
834 651 911 700 Form
927 651 994 700 nauh
1013 651 1080 701 ilter
1097 652 1137 701 als
1155 651 1198 701 die
1215 651 1320 703 vorher-

139 715 285 782 goheudsn.
304 743 335 752 -
358 713 383 778 2,
401 714 419 768 3
437 718 496 769 Hoc
514 722 586 768 tuum
604 733 718 784 gregem.

477 936 532 996 ltu.
567 938 606 995 m
623 954 646 996 s.
664 936 804 995 lioniuieo
824 936 986 996 Exsiliensl.

646 1059 765 1127 Hymnus
783 1058 817 1112 11.

144 1182 173 1242 1.
196 1181 346 1241 Dominioo
368 1183 445 1257 patri
467 1200 572 1258 supero
760 1188 789 1243 5.
814 1184 897 1244 Cives
921 1191 1053 1244 venustas
1075 1201 1194 1258 superos

201 1266 314 1326 Laudes
337 1268 464 1327 dicemus
484 1269 587 1341 jubilo,
814 1271 927 1329 Ornsns
950 1286 1046 1328 eorum
1070 1286 1182 1341 cuneos,

199 1351 379 1411 Dominiuum
401 1360 530 1413 sunctum
552 1355 675 1414 maximo
813 1397 821 1414 .
847 1405 853 1417 .
877 1402 885 1416 .
909 1355 1042 1416 honestus
1064 1355 1164 1414 sedule

199 1438 253 1509 Qui
275 1439 425 1499 denotavit
446 1440 539 1501 xenio.
814 1440 880 1499 Tuo
902 1441 1042 1500 translato
1065 1457 1195 1514 corpore.

145 1560 178 1620 2.
203 1558 397 1618 Cohaeredsm
418 1565 448 1617 et
469 1561 594 1634 genitum
759 1562 788 1621 6.
813 1560 925 1620 lnvisos
947 1560 1023 1632 pelle
1046 1559 1198 1618 daemones

200 1644 294 1703 Putris
316 1644 469 1703 clamemus
491 1645 590 1716 filium,
815 1645 856 1703 Et
877 1643 1059 1704 tenebrarum
1082 1645 1238 1719 principes,

202 1728 381 1788 Dominicum
401 1731 450 1804 qui
471 1732 650 1790 sanctissima
819 1730 972 1789 Pressuras
994 1730 1092 1788 mundi
1115 1731 1280 1811 comprime,

200 1814 400 1874 Haereditsrit
420 1817 521 1890 gioria.
814 1817 907 1874 Actus
928 1814 1028 1873 felices
1052 1815 1155 1874 tribue.

147 1937 179 1997 3.
200 1935 287 1994 Adsit
307 1936 390 1994 nobis
413 1943 442 1994 et
464 1937 591 2010 spiritns,
764 1936 792 1996 7.
813 1936 920 1994 Errats
943 1941 1042 1995 nostro
1064 1936 1195 2007 termina,

201 2019 253 2092 Qui
276 2020 383 2079 dicitur
404 2022 569 2095 paraclitus,
815 2021 875 2078 Nos
897 2037 915 2079 o
937 2021 1063 2092 peccatis
1085 2020 1186 2092 libers,

202 2104 382 2164 Dominioum
403 2114 531 2166 nostrum
555 2109 676 2181 mystice
813 2107 897 2179 Ignes
919 2111 1051 2164 aeternos
1073 2122 1171 2178 vocum

201 2190 320 2250 Dotsvit
341 2192 390 2265 qui
411 2193 541 2256 scientis.
813 2191 966 2250 Aethereis
988 2192 1128 2252 consocia.

148 2313 178 2369 4.
200 2308 358 2380 Dominice‚
381 2311 482 2371 adesto
505 2310 618 2371 famulis
763 2316 793 2373 8.
816 2313 881 2371 Hoc
902 2316 1026 2383 praesta,
1048 2327 1157 2369 summa
1179 2310 1302 2383 trinitus,

202 2394 283 2453 lotis
302 2397 382 2456 unda
403 2396 591 2472 bsptismatis,
817 2398 896 2469 Quae
919 2396 1046 2454 crederis
1069 2402 1098 2454 et
1119 2397 1222 2473 unitas,

818 2484 928 2542 Cuncta
950 2481 1111 2556 gubernans
1134 2481 1250 2540 conditu

203 2611 339 2630 .....
360 2569 467 2641 premit
488 2570 623 2634 oriminis.
819 2569 875 2627 Per
897 2568 992 2627 saecla
1013 2566 1071 2627 line
1093 2567 1197 2630 nescis.

217 2685 336 2747 virgata
359 2686 376 2736 l.
400 2703 422 2736 o.
448 2703 473 2751 p.
495 2683 545 2736 457
569 2705 607 2754 sq.
626 2716 658 2724 -
690 2684 716 2748 l,
744 2685 755 2736 l
776 2688 958 2749 Dominieum3
982 2686 1029 2736 das
1047 2686 1126 2736 Wort
1142 2686 1178 2734 ist
1195 2683 1252 2734 hier
1270 2685 1329 2734 Bsi-

148 2759 222 2802 wort.
241 2782 273 2790 -
291 2750 315 2817 5,
332 2751 350 2806 3
367 2753 489 2821 Erginus
507 2757 630 2823 Nosque?
648 2785 683 2792 —
699 2753 724 2816 8,
743 2753 760 2807 4
778 2757 891 2807 saeculo

482 2974 536 3032 itt.
572 2975 610 3031 lle
627 2990 649 3032 s.
669 2973 809 3032 lioninieo
831 2974 994 3033 llxsiliensi.

643 3097 762 3164 Hymnus
780 3097 827 3152 lll.

152 3220 179 3282 1.
203 3220 261 3278 Fili
284 3239 318 3279 ex
342 3228 424 3294 patre
445 3221 548 3295 genite,
767 3225 796 3282 3.
820 3222 906 3293 Cujus
930 3239 980 3280 nos
1003 3221 1214 3280 salsamentis

204 3307 273 3365 Cum
298 3306 444 3377 coaequali
467 3313 599 3366 neumate
819 3309 881 3366 Iras
904 3325 938 3367 ac
962 3307 1062 3382 frange
1087 3307 1242 3378 doemonis,

207 3390 323 3451 Nostris
344 3392 445 3449 adesto
468 3391 612 3468 precibus,
819 3392 922 3451 Nullus
944 3399 1107 3451 nostrorum
1128 3398 1230 3465 pereat

202 3476 277 3549 Quos
298 3477 328 3534 in
351 3477 405 3535 hoc
427 3474 501 3535 festo
524 3475 678 3539 tundimus.
819 3479 885 3538 Sed·
899 3493 1012 3552 semper
1033 3494 1132 3550 sospes
1155 3477 1256 3536 voleat.

149 3598 179 3657 2.
204 3595 329 3654 ‘luorum
351 3596 401 3669 pia
422 3595 549 3655 comune
766 3601 794 3659 4.
819 3597 947 3669 sittim,
970 3597 1047 3656 ulmo
1068 3596 1182 3655 trinitus

204 3681 329 3743 coelesti
352 3681 413 3740 dita
434 3682 536 3755 glorie,
819 3685 895 3744 llere
917 3700 1039 3757 regnans
1059 3687 1089 3739 et
1109 3681 1213 3757 unitas,

204 3766 350 3825 Exorante
372 3766 532 3839 Dominioo,
820 3772 927 3841 Honor,
951 3768 1023 3840 leus,
1046 3782 1150 3841 perpes
1172 3767 1235 3826 usis

206 3851 313 3910 Nostro
335 3858 457 3924 patrono
478 3853 594 3927 optimo.
823 3857 880 3915 Per
900 3853 996 3912 saeclo
1018 3852 1083 3911 finis
1107 3853 1212 3911 nescia.

219 3970 295 4020 Brev.
314 3969 482 4021 Cordubense
506 3973 568 4036 imp.
587 3972 693 4038 Hispali
723 3970 795 4023 1524.
816 3975 847 4023 Α.
864 3999 898 4008 -
916 3974 1034 4037 Vergsra
1052 3971 1069 4021 l.
1087 3988 1109 4021 o.
1128 3989 1152 4036 p.
1170 3968 1229 4021 458.
1249 3973 1277 4020 B.
1297 3996 1328 4005 -

150 4039 199 4101 ,ln
216 4038 310 4089 ultimo
329 4039 393 4090 solio
411 4041 475 4090 dicti
494 4040 555 4092 libri
575 4043 740 4105 reperiuntur
758 4040 786 4092 hi
804 4041 856 4091 duo
875 4040 989 4104 hymni.“
1009 4042 1038 4089 Β.
1057 4068 1090 4076 -
1110 4038 1138 4096 l,
1157 4036 1174 4088 2
1192 4039 1256 4089 Cum
1276 4055 1328 4103 qno

148 4107 256 4172 uequsli
273 4107 305 4156 A.
324 4133 357 4143 -
375 4104 405 4167 2,
428 4104 445 4159 3
462 4106 616 4160 Exornsnle
633 4110 664 4157 A.
683 4137 714 4146 -
733 4106 764 4168 4,
782 4105 799 4159 3
819 4112 922 4168 Honor,
942 4109 1001 4158 lans
1020 4114 1145 4173 perpetua
1163 4109 1193 4157 Α.
1214 4134 1243 4141 -
1263 4105 1292 4161 4,
1312 4105 1329 4156 4

149 4176 248 4238 Perpes
274 4191 328 4226 uns
385 4192 398 4225 r
421 4177 533 4227 saecula.
551 4203 582 4210 -
603 4176 678 4226 sunt
697 4179 723 4226 in
743 4179 762 4225 Α
783 4177 816 4226 ad
835 4179 1004 4226 Nocturnum.
1024 4203 1052 4210 -·
1073 4177 1146 4225 Nsch
1165 4176 1279 4225 Amatur
1296 4175 1328 4222 rie

148 4243 190 4294 los
208 4245 273 4295 Βίου
295 4245 334 4304 11,
425 4247 493 4295 wire
511 4245 647 4295 Verissser
668 4245 754 4295 dieses
774 4246 893 4309 Hymnus
913 4244 1020 4310 Philipp
1037 4261 1088 4294 von
1108 4246 1221 4293 lluosrn.
1255 4243 1330 4290 Wor·

148 4312 199 4364 aus
221 4312 279 4362 sich
305 4314 380 4364 seine
403 4312 540 4364 Aunshme
563 4316 656 4374 stunt,
684 4315 720 4363 ist
743 4330 786 4363 um
811 4330 840 4363 so
864 4316 978 4381 weniger
995 4310 1159 4370 ernostum,
1182 4312 1222 4361 als
1241 4309 1328 4361 erulis

146 4380 245 4433 Lieder
261 4380 330 4432 such
348 4397 398 4433 nur
414 4397 463 4433 aus
480 4383 599 4450 Vergurs
615 4380 705 4433 kannt
