2918 4868
623 288 851 352 —139-

203 464 267 521 Duc
289 481 340 522 nos
362 464 400 522 ad
424 463 517 520 iumen
537 462 684 531 luminum,

248 552 342 616 Peter,
365 549 422 606 dux
445 549 654 620 monachornm,

204 634 261 693 Ubi
285 633 414 693 fruamur
435 634 526 707 gioria

248 720 317 778 Cum
341 726 424 777 coetu
446 719 602 777 beatorum,

140 805 173 869 V,
201 805 295 864 Clanis
317 803 429 878 fulgens
452 804 598 875 natalium,

246 891 424 967 Leonbarde,
449 890 612 962 bonoribus,

202 975 270 1048 Fae,
295 982 326 1034 nt
349 977 490 1034 coelorum
512 975 645 1048 gandium

247 1062 317 1120 Tuis
340 1068 487 1134 captemus
509 1060 652 1133 precibus.

284 1302 324 1359 ln
347 1301 556 1364 Laudibus,

332 1420 508 1485 dntipbonae.

149 1525 176 1583 1.
201 1524 312 1598 Regnat
335 1541 419 1597 quom
442 1531 519 1582 tutus

245 1611 354 1683 gloriae
375 1612 450 1668 stola
472 1610 588 1668 indutus

288 1696 394 1754 Beatus
416 1693 615 1756 Leenbardns.

147 1835 177 1890 2.
199 1831 312 1891 Jubilet
329 1833 389 1904 jam
413 1832 516 1890 chorus

245 1917 701 1978 iaudetnunccbristumsonorns

287 2002 438 2062 Solemniis
461 2002 635 2061 Leonbardi.

149 2141 178 2199 3.
201 2139 249 2199 Ad
272 2146 299 2197 te
321 2141 358 2199 de
379 2141 443 2199 lnce

245 2226 382 2299 vigilavit,
407 2225 532 2300 Christe,
555 2233 584 2284 te
608 2226 680 2284 doce

285 2311 480 2374 Leonbardus.

147 2452 177 2511 4,
201 2448 242 2506 Te
265 2448 412 2509 benedixit

246 2535 347 2607 Deum,
371 2537 416 2594 cni
439 2552 493 2609 per
514 2535 608 2594 omnia
630 2533 702 2591 vixit

287 2620 485 2684 leonhardus.

149 2761 178 2817 5.
201 2757 242 2814 Te
265 2757 357 2816 Deum
380 2758 452 2817 caeli

243 2843 372 2902 laudavit
394 2843 481 2902 corde
503 2843 582 2902 fideii

278 2929 390 2988 ·Beatus
412 2928 609 2988 Loonbardus.

204 3046 280 3095 Bran.
304 3062 352 3096 ms.
372 3047 531 3097 Toletnnum
553 3061 622 3097 saec.
650 3042 690 3095 14.
718 3043 781 3094 Cod.
799 3045 933 3095 Matriten.
953 3044 991 3094 Ff.
1016 3042 1072 3096 147.
1092 3072 1123 3081 -
1143 3048 1175 3097 In
1194 3044 1216 3096 l.
1234 3048 1315 3113 Vosp.

136 3106 170 3176 R,
194 3110 210 3161 5
234 3114 324 3164 fervat
344 3140 375 3150 -
394 3115 433 3166 Ad
453 3117 542 3180 Magn.
561 3112 596 3175 Α,
619 3111 636 3163 4
663 3115 721 3164 Lux
743 3116 770 3163 et
792 3128 845 3163 vox
863 3115 909 3164 via
923 3130 1032 3165 morum.
1053 3116 1133 3165 —In
1159 3112 1181 3165 1.
1199 3113 1314 3166 Noetd

135 3176 204 3242 3,2
230 3183 312 3243 Quem
337 3198 368 3232 ac
395 3184 521 3233 clamavit
542 3183 619 3233 multi
643 3185 689 3233 rei.
713 3175 785 3228 -R
811 3179 838 3242 1,
858 3179 875 3233 3
896 3198 936 3248 sq.
954 3184 1033 3234 Vitae
1055 3183 1162 3234 coelesti
1184 3185 1314 3234 comitans

138 3252 243 3299 atrium.
261 3277 294 3286 -
321 3246 382 3311 Ru,
401 3249 417 3302 5
436 3254 629 3317 egresticis.-
649 3246 668 3299 R
686 3247 710 3308 3.
729 3248 843 3300 5Libat
861 3251 903 3302 ab·
922 3277 955 3286 -
975 3249 1048 3302 1112.
1066 3248 1176 3302 Noctii
1198 3250 1220 3312 1,
1239 3249 1256 3301 2
1274 3252 1315 3302 bis

925 462 966 512 An
984 459 1150 514 Benedictus.

822 568 891 625 Viso
914 567 1005 625 nectis
1028 567 1122 624 medio

862 653 935 711 vidit
956 653 1114 711 laureatum

820 737 1029 813 isenbardum,
1050 739 1149 796 laurea

861 825 969 896 gloriae
991 830 1131 894 ornatum,

818 909 884 967 Jarn
907 909 1023 967 coelesti
1046 909 1142 968 curiae

860 993 1112 1068 conglorificatum,

819 1081 1055 1153 Conspectnntem
1078 1085 1145 1138 ante
1166 1096 1198 1137 se

860 1166 997 1239 populum
1018 1171 1211 1239 prostratum

817 1251 1006 1324 supplicabat
1029 1269 1112 1325 quam
1136 1251 1198 1323 pie:

862 1338 960 1395 relaxa
982 1344 1091 1395 reatum

818 1423 966 1481 Praesenti
987 1420 1113 1481 familiae

859 1509 897 1567 ad
920 1509 1010 1566 nestri
1033 1513 1190 1581 precatum.

816 1594 868 1652 Ait
890 1610 940 1651 rex
963 1594 1146 1652 clementiae:

859 1679 936 1752 qnod
958 1679 1042 1751 petis,
1066 1680 1104 1736 sit
1126 1685 1228 1739 ratum.

879 1852 920 1909 ln
944 1852 971 1910 2.
994 1849 1186 1922 vesperis.

926 1966 967 2017 Ad
984 1967 1144 2034 Magnificat

754 2074 789 2130 Α.
814 2070 946 2129 Glorioso
969 2073 1111 2130 consortio

794 2168 801 2183 ⁴
860 2156 1065 2215 Monachorum
1087 2158 1209 2217 vallatus

818 2242 985 2301 Construxit
1006 2257 1084 2300 more
1107 2244 1213 2302 coelico

858 2326 1031 2386 Coenobinm
1053 2327 1163 2402 beatus,

815 2414 850 2471 ln
872 2429 928 2486 quo
949 2429 1023 2485 pane
1045 2415 1175 2488 angelico

857 2498 1035 2572 Frequenter
1057 2500 1176 2558 satiatus

816 2583 895 2642 Vixit
916 2585 1001 2643 modo
1021 2584 1151 2659 mirifico,

859 2670 945 2729 Coelo
964 2671 1024 2742 jam
1044 2671 1215 2745 deputetus3

814 2756 902 2828 Quem
925 2756 1048 2827 petimus
1070 2756 1187 2816 verifico

858 2840 961 2914 Corde,
982 2840 1021 2899 sit
1041 2841 1198 2902 advocatus

899 2926 1098 2987 Leonhordos.

136 3320 266 3434 Rrecibus.
278 3346 312 3354 -
326 3313 345 3366 R
365 3317 389 3379 2,
410 3318 422 3370 1
442 3322 548 3371 Invenit
565 3323 600 3371 in.
613 3347 646 3357 -
660 3314 680 3367 R
699 3316 722 3380 2,
741 3315 806 3369 31st
819 3319 973 3438 defrenatur
984 3335 1268 3437 veneraragroperura
1281 3346 1313 3355 -

175 3384 199 3447 3,
217 3385 235 3436 4
253 3387 344 3451 Clipeo
363 3390 509 3439 certamini.
532 3416 561 3422 -
581 3392 613 3440 In
630 3385 655 3439 3.
675 3384 784 3439 Nost&
805 3384 826 3448 1,

135 3471 283 3506 consonans
308 3456 415 3506 bomini.
442 3483 473 3492 -
493 3453 512 3505 R
537 3453 565 3517 2,
587 3455 604 3506 5
627 3459 673 3523 qui
699 3457 824 3507 velarent.
850 3482 880 3490 -
901 3451 921 3504 R
943 3452 973 3517 8,
1000 3453 1028 3507 ll
1049 3472 1080 3523 sq
1107 3457 1193 3508 Clario
1211 3457 1314 3523 fulgens

880 3389 908 3437 in
927 3394 1049 3439 montem.
1069 3415 1100 3423 -

136 3525 265 3575 natalium
282 3526 438 3576 Leonbarde
454 3525 597 3576 natalibus.
617 3552 648 3562 -
667 3526 709 3577 Ad
727 3527 790 3576 Bon.
809 3521 839 3588 Α,
856 3521 874 3574 2
890 3525 972 3576 Vidit

463 3775 500 3833 51.
536 3776 574 3834 iia
593 3790 630 3834 aa.
648 3774 770 3835 bacinno
789 3778 818 3835 et
834 3775 984 3835 Marciano.

263 3905 304 3963 In
329 3906 357 3965 1.
380 3903 576 3977 vesperis.

308 4021 349 4072 ao
366 4021 527 4088 nessae

133 4127 170 4186 A.
193 4126 217 4185 Ο
240 4123 308 4185 felix
332 4128 443 4203 mulier,

238 4227 291 4284 per
309 4230 393 4285 qnam
409 4214 482 4272 tanti
497 4212 552 4272 viri
567 4213 697 4271 conversi

199 4296 271 4356 Sunt
292 4298 364 4370 Deo,
387 4315 458 4372 qnos
481 4299 588 4357 dudum

239 4388 304 4443 atra
325 4391 437 4443 texeret
458 4384 548 4444 nubes
570 4383 687 4444 erroris.

871 3903 926 3963 Ad
949 3903 1190 3967 Matutinum.

934 4020 1129 4071 Invitatorium.

812 4127 974 4185 Adoremns
997 4123 1140 4186 Christum
1162 4141 1258 4199 regern

813 4214 848 4272 In
867 4210 1044 4271 sacculorum
1067 4212 1189 4283 saecula,

812 4297 867 4368 Qui
888 4296 1045 4355 Lucianunr
1074 4301 1104 4354 et
1125 4296 1312 4355 Marcianum

814 4382 871 4441 Suu
893 4381 996 4442 ditavit
1018 4381 1118 4457 glorio.

1154 3388 1179 3450 3,
1197 3385 1314 3440 3Nostri
