2918 4868
612 291 761 357 -137
808 332 846 341 -

144 466 174 525 3.
197 466 329 538 Apparet
348 469 425 524 totus
447 464 573 541 fulgidus
758 471 788 528 4.
814 468 862 527 Ad
885 470 967 540 cujus
988 468 1107 528 verbum
1130 469 1265 528 dubitans

197 550 267 609 Cum
291 551 429 624 virginem
451 552 616 627 alloquitur,
816 554 901 628 Virgo
923 555 1063 627 stupescit
1083 552 1196 628 florida,

197 637 269 710 Ave,
292 637 411 710 loquens
432 637 605 710 impavidus,
812 638 875 697 Viri
896 640 1057 712 amplexum
1080 641 1220 717 devitans,

197 721 282 781 ,lesus
305 739 371 781 nam
393 739 429 780 ex
450 728 479 780 te
501 723 602 785 oritur.
811 725 888 784 Rore
911 726 982 783 coeli
1004 724 1037 783 fit
1058 726 1187 799 gravida.

503 830 531 886 5.
555 826 671 896 Perta,
694 843 711 884 o
733 824 845 900 fulgens
868 827 995 900 Gabriel,

556 910 648 969 Nobis
667 920 828 984 praestetur
850 915 942 986 venia,

557 997 595 1055 Et
617 997 742 1055 Michael
765 1013 800 1057 ac
821 999 950 1071 Rapbael

555 1083 668 1141 Ducant
690 1083 719 1140 in
743 1083 815 1141 coeli
838 1085 937 1157 gloria.

213 1200 294 1248 Paalt
314 1216 360 1248 rurs.
380 1200 510 1250 Ocurlcnae
528 1216 596 1250 saec.
618 1197 656 1250 14.
676 1200 738 1250 Cod.
756 1201 865 1250 Archivi
883 1202 943 1252 Nat
962 1204 1094 1252 Matriteu.
1117 1200 1221 1253 133-4.

529 1366 589 1423 222.
626 1367 663 1424 be
681 1368 778 1424 sanem
796 1365 939 1426 Gabriele.

613 1487 656 1542 Ad
675 1488 846 1543 Nocturnum.

148 1612 177 1671 1.
200 1611 274 1670 Dum
297 1619 360 1670 orat
384 1614 464 1685 virgo
487 1611 608 1686 fervide,
763 1617 790 1675 3.
813 1615 969 1687 Quomodo,
992 1617 1093 1689 inquit,
1115 1616 1225 1693 angele,

199 1696 317 1755 Gabriel
339 1699 365 1755 ei
388 1700 519 1769 mittitur,
815 1700 895 1770 Quod
919 1699 999 1770 furis,
1024 1707 1118 1774 potest
1141 1700 1213 1779 fieri,

199 1784 288 1854 Quam
311 1784 446 1842 salutavit
468 1785 597 1857 provido,
817 1785 886 1844 Corn
909 1787 1011 1844 molem
1034 1788 1117 1859 lacte,
1141 1786 1240 1845 labore

200 1867 328 1927 Christus
351 1886 386 1926 cx
409 1886 442 1926 ea
465 1870 600 1932 nascitur.
815 1871 1032 1930 Perborrescam
1056 1873 1171 1929 intueri.

146 1974 176 2034 2.
200 1971 309 2030 Blande
331 1972 435 2029 affatur
457 1973 575 2046 virgini:
763 1978 791 2033 4.
816 1973 949 2050 Spiritus,
974 1992 1028 2047 quo
1050 1976 1249 2048 circumdaris,

200 2057 350 2129 Concipics
372 2064 399 2113 et
423 2059 517 2129 paries
815 2060 856 2116 Te
878 2059 1059 2117 obumbrabit
1083 2062 1214 2125 dulciter.

200 2141 291 2200 Deurn
315 2144 494 2214 conjunctum
519 2144 634 2218 bomini,
814 2145 910 2202 Mater
932 2145 988 2202 Dei
1009 2145 1142 2220 efficeris,

201 2227 240 2287 Ut
262 2229 322 2298 ejus
343 2236 434 2286 mater
456 2228 549 2288 fieres.
814 2230 875 2301 Quo
897 2230 1029 2302 regnabis
1053 2231 1227 2303 perenniter.

505 2335 533 2392 5.
556 2331 598 2389 Te
619 2331 780 2402 laudantes,
804 2330 965 2402 oGabriel,

556 2413 692 2475 Consorta
713 2433 789 2475 nunc
808 2417 955 2486 solamine,

556 2503 686 2562 Dulccdo
708 2509 756 2561 tua
778 2518 865 2576 super
884 2504 940 2560 mel

555 2589 588 2646 lu
611 2589 774 2661 angelorum
797 2589 918 2661 agmine.

215 2705 296 2755 Psalt.
324 2722 371 2755 rna.
394 2705 523 2754 (torniense
551 2720 618 2754 auec.
647 2702 685 2754 14.
713 2702 776 2755 Cod.
799 2705 876 2754 Arcb.
900 2706 959 2755 Nat.
982 2707 1116 2755 Mutriton.
1142 2709 1163 2756 ll
1189 2704 1265 2756 3—4.
1288 2735 1321 2744 -—

143 2771 168 2833 3,
189 2771 206 2823 3
224 2774 326 2823 acheint
343 2774 495 2824 verdorben.
514 2799 546 2808 -
565 2770 590 2831 4,
607 2771 624 2822 2
643 2774 817 2824 obumbravit.
831 2799 864 2808 —
881 2771 907 2833 4,
925 2772 942 2823 3
960 2775 995 2824 Et
1015 2782 1098 2824 mater
1115 2777 1174 2825 Dei.

520 2940 579 2996 223.
618 2940 656 2995 be
675 2942 771 2996 sancto
789 2938 931 2997 Gabriele.

650 3062 692 3116 Ad
714 3062 827 3116 Laudes.

148 3189 177 3248 1.
201 3187 372 3246 incoelesti
395 3187 503 3244 rosario
764 3190 793 3248 3.
817 3186 997 3257 Helisabetb,
1020 3205 1092 3260 quae
1114 3190 1221 3246 sterilis

201 3272 318 3331 Gabriel
341 3289 412 3330 unus
435 3272 554 3343 sistitur,
818 3273 928 3330 Fructu
950 3274 1064 3346 privata
1085 3275 1221 3343 noscitur,

201 3359 233 3415 ln
257 3359 375 3431 virginis
398 3359 525 3416 sacrario
815 3360 900 3417 Nunc
921 3358 1050 3416 abundat
1071 3366 1100 3416 et
1122 3358 1226 3417 fertilis

201 3444 298 3502 Fortis
320 3443 430 3502 athleta
451 3443 587 3503 cernitur.
815 3444 938 3502 Fructus
962 3460 997 3501 ex
1019 3459 1053 3502 ea
1074 3446 1210 3503 nascitur.

148 3552 177 3607 2.
204 3548 274 3607 Cum
296 3564 349 3606 ave
372 3546 450 3604 fatur
471 3547 584 3619 virgini,
762 3549 791 3609 4.
815 3547 900 3623 Ecce,
924 3547 1080 3619 respondet
1102 3549 1213 3620 angelo,

201 3635 320 3693 Modum
343 3642 410 3689 tunc
434 3633 459 3690 ei
482 3633 599 3704 indicat,
813 3632 930 3690 Ancilla
951 3649 1012 3690 sum
1036 3633 1177 3701 altissimi,

200 3720 273 3793 Quia
295 3734 378 3776 verus
398 3717 558 3776 dulcedinis
816 3717 882 3775 Fiat
904 3724 982 3775 motu
1005 3725 1062 3775 tarn
1085 3736 1223 3792 prospero

202 3805 265 3862 lloc
286 3810 496 3861 sacramentum
517 3804 651 3876 explicat.
819 3803 942 3862 Fructus
965 3803 1045 3862 verbi
1070 3805 1235 3865 ‹luluissimt

482 3912 509 3967 5.
535 3908 591 3965 Per
613 3914 650 3976 te,
674 3922 691 3964 ο
712 3912 810 3963 sancte
833 3905 961 3978 Gabriel,

534 3992 718 4065 congaudeat
739 3992 870 4063 ecclesia,

533 4081 610 4151 Quae
633 4078 806 4136 conlaudans
828 4078 978 4149 Emanuel,

532 4163 601 4236 Fac,
624 4180 675 4221 noe
699 4164 785 4223 ducat
805 4163 835 4220 in
857 4164 958 4236 gloria.

217 4282 298 4332 Paalt.
326 4299 372 4331 rua.
398 4282 527 4331 Oculorum
549 4297 616 4331 saec.
642 4279 680 4330 14.
707 4280 771 4331 cod.
795 4280 872 4329 Arclr.
898 4282 957 4331 Nat.
980 4281 1112 4329 Mutrium.
1140 4283 1159 4329 ll
1182 4277 1270 4329 3-4.
1292 4308 1326 4316 -

150 4348 172 4409 l,
190 4348 207 4400 3
226 4352 337 4415 virginis
356 4353 470 4415 erginat.
490 4377 523 4385 —
541 4347 565 4407 2,
583 4349 600 4397 3
618 4349 789 4399 tlutluediucrn.
809 4379 843 4387 -
859 4348 884 4411 3,
906 4348 916 4398 l
937 4352 1000 4413 quria
1019 4349 1125 4398 sterilis.
1144 4375 1177 4382 —
1195 4348 1219 4408 3,
1237 4346 1253 4397 2
1272 4351 1324 4412 pri-

148 4425 218 4468 vato.
238 4448 270 4456 -
287 4416 312 4481 3,
331 4416 347 4469 3
364 4421 482 4471 abundat
499 4419 604 4469 sterilia.
