2918 4868
648 270 859 333 ..36-

176 455 206 512 2.
228 450 293 509 Non
316 452 521 520 conquassatur
544 445 635 504 vitrea

264 538 321 594 Per
344 532 457 593 radium
478 532 611 604 solarem,

228 621 277 680 Sic
297 636 351 678 nec
372 618 438 677 aula
462 616 588 690 virginea

265 706 322 764 Per
343 709 457 778 partum
480 703 647 779 puellarem,

227 794 317 852 Immo
338 790 371 849 fit
393 795 453 848 tota
474 789 581 863 purior,

226 877 370 950 Integrior
391 881 418 933 et
441 873 598 947 pulchrior,
698 922 703 931 .

265 962 330 1022 Non
353 960 461 1020 habens
483 958 539 1018 eibi
561 974 667 1030 parem.

178 1120 207 1178 3.
232 1115 313 1175 Sicut
335 1114 426 1184 vellus
448 1129 504 1171 non
526 1111 669 1185 rumpitur

268 1199 444 1260 Distillando
465 1197 614 1271 liquorem,

235 1288 281 1346 lta
303 1302 357 1343 nec
379 1284 459 1356 virgo
481 1281 607 1342 laeditur

268 1369 420 1444 Gignendo
444 1374 611 1441 creatorem,

230 1459 321 1516 lmmo
343 1460 375 1512 ut
396 1455 464 1512 lana
487 1454 610 1513 candida

229 1541 303 1600 Tota
326 1540 463 1598 remansit
485 1538 580 1598 lucida

267 1626 341 1686 Solis
363 1623 471 1684 hahens
493 1624 685 1697 splendorem.

357 1794 543 1859 Responsoriu.

181 1919 209 1978 1.
233 1919 267 1977 ln
288 1920 375 1989 partu
396 1915 489 1974 almae
511 1913 629 1988 virginis
683 1900 690 1913 ²

271 2001 344 2059 Tres
366 2001 441 2059 soles
463 2001 636 2073 claruerunt,

231 2088 264 2146 ln
287 2103 373 2145 unum
396 2102 505 2158 corpus
522 2084 637 2145 luminis

266 2169 409 2232 Paulatim
433 2171 591 2244 redierunt,

232 2256 315 2316 Fons
337 2256 392 2316 olei
415 2263 483 2315 tunc
503 2256 605 2333 patuit,

232 2344 275 2404 Et
298 2344 435 2417 templum
456 2343 536 2415 pacit
558 2344 674 2416 corruit,

269 2429 309 2489 Et
330 2429 411 2488 idola
432 2434 560 2488 ruerunt.

170 2517 205 2578 V.
232 2515 313 2574 Tunc
335 2515 412 2572 circa
433 2513 522 2572 solem
544 2529 647 2575 aureus

268 2598 399 2660 Circulos
421 2613 453 2656 aa
474 2598 577 2675 evexit,

231 2685 327 2757 Atque
349 2685 444 2744 vultus
466 2684 609 2757 virgineus

270 2770 339 2829 Cum
361 2769 452 2842 prole,
484 2784 568 2841 qnam
586 2769 731 2844 adspexit,

270 2856 417 2929 Augustus
438 2860 468 2913 et
491 2853 601 2915 dilexit.

183 3015 212 3072 2.
237 3010 293 3069 Per
317 3008 436 3083 spiritus
458 3008 602 3083 angelicos

274 3096 408 3154 Pastorcs
431 3100 632 3171 convenerunt,

231 3182 269 3240 Et
293 3197 345 3254 per
370 3182 525 3253 adspectus
547 3181 669 3240 coelicos

270 3266 352 3340 Magi
375 3266 577 3339 adoravemnt‚

233 3352 355 3426 Utrique
377 3358 490 3426 partum
511 3367 630 3411 cernere

233 3438 366 3511 Supemo
390 3437 444 3496 Dei
469 3454 585 3496 munere

270 3522 399 3597 Virginis
420 3530 595 3586 meruerunt.

174 3610 207 3670 V.
234 3608 305 3684 Legi
327 3614 446 3668 naturae
467 3607 545 3669 obvii

273 3696 314 3757 Ut
337 3694 461 3754 Sodoma
482 3699 612 3768 ruerunt,

233 3780 290 3840 Bos
315 3785 344 3838 et
365 3778 513 3838 brunellus
536 3779 607 3837 socii

275 3866 450 3925 Reverentes
473 3862 589 3923 inerunt

276 3952 338 4010 Nec
360 3949 469 4009 foetum
490 3950 654 4024 tetigerunt.

185 4110 213 4169 3.
237 4109 271 4167 ln
294 4111 379 4179 partu
402 4105 495 4166 almae
519 4104 637 4179 virginus

273 4192 382 4250 Cuncta
403 4190 620 4266 obstupuerunt,

233 4277 306 4336 Nam
329 4275 382 4335 sub
403 4277 543 4350 adspectu
563 4276 678 4336 luminis

274 4363 391 4422 Nullum
414 4362 501 4424 talem
524 4361 671 4434 viderunt,

779 445 813 500 V.
841 443 926 501 Hurnc
947 441 1069 500 nescivit
1089 438 1210 499 scientia

843 528 943 600 Neque
965 527 1154 599 experientia,

882 613 1009 672 Naturae
1031 610 1206 686 relugcmnt.

924 853 967 911 ln
989 847 1197 911 Laudibus.

973 1001 1152 1067 Antiphouae.

793 1146 822 1205 1.
845 1144 979 1203 Laudent
1000 1147 1119 1200 matrem
1143 1139 1269 1214 pietatis,

843 1229 977 1288 Laudem
998 1227 1135 1299 templum
1155 1224 1301 1298 trinitatis,

844 1315 976 1373 laudent
996 1312 1110 1371 stellam
1132 1310 1281 1387 claritatis,

844 1400 978 1459 Laudem
999 1399 1112 1458 hortum
1134 1396 1291 1469 voluptatis

883 1485 984 1560 Regna
1006 1491 1035 1543 et
1057 1483 1188 1557 imperia.

793 1660 822 1717 2.
844 1656 958 1715 Laudat
979 1654 1086 1714 iontem
1110 1653 1276 1730 venustatis,

846 1741 959 1800 Laudat
979 1757 1073 1800 rosam
1099 1739 1238 1810 caritatis,

846 1826 959 1886 violam
979 1825 1159 1897 humilitatis,

845 1911 951 1971 Lilium
973 1911 1147 1985 integritatis

883 1997 1015 2056 dubilans
1034 1997 1165 2056 ecclesia.

793 2174 823 2232 3.
846 2169 959 2228 Laudat
981 2167 1082 2227 rubum
1105 2167 1223 2227 visionis

846 2257 886 2316 Et
908 2255 1017 2329 virgam
1040 2253 1235 2324 correctionis,

846 2341 959 2400 Laudat
981 2340 1087 2399 vellum
1109 2338 1253 2399 Gedeonis

846 2426 886 2485 Et
908 2442 1012 2486 manna
1034 2423 1200 2484 reiectionis

886 2512 960 2571 Tota
983 2510 1139 2588 vigilantia.

794 2688 824 2747 l.
847 2684 946 2743 Altum
966 2682 1098 2741 thronum
1122 2681 1292 2757 Salomonis,

848 2767 1013 2840 Pulchrum,
1035 2767 1084 2840 qui
1106 2774 1150 2826 est
1171 2766 1337 2840 Absulonis,

848 2854 951 2913 Totum
974 2858 1088 2928 portum
1110 2853 1252 2925 stationis,

847 2940 962 3001 Claram
984 2938 1087 3000 vallem
1107 2937 1224 2997 visionis

912 3024 1090 3086 Benedicent
1111 3025 1216 3088 omnia.

795 3202 825 3259 5.
848 3196 979 3256 laudent
1002 3201 1122 3255 matrem
1145 3197 1206 3255 veri
1228 3196 1293 3267 Dei,

848 3283 972 3343 Matrem
994 3281 1096 3340 summi
1118 3281 1240 3341 Nazarei

847 3370 967 3442 Cuncta,
990 3384 1062 3440 quae
1085 3366 1245 3426 subsistunt
1268 3366 1303 3443 ei,

849 3454 975 3531 Caelum
999 3459 1087 3525 terra,
1111 3452 1160 3511 lux
1183 3451 1239 3511 dici

912 3540 951 3598 Et
973 3554 1098 3612 superna
1119 3537 1209 3597 curia.

957 3707 998 3759 Ad
1016 3707 1181 3759 Benedictus.

785 3850 822 3910 A.
846 3849 963 3908 Partnm
986 3847 1105 3922 virginis
1127 3847 1249 3923 Mariua,

850 3937 956 3993 Arcam
978 3933 1066 3992 totius
1088 3932 1217 4005 sophiae,

849 4023 937 4094 Quem
960 4018 1127 4079 collaudant
1148 4018 1225 4076 omni
1249 4018 1296 4077 die

850 4105 1006 4180 Angelicae
1026 4102 1215 4174 hierarchiae,
1287 4095 1290 4100 ’

892 4188 1079 4249 Benedictum
1101 4188 1328 4263 compmbemus,

892 4274 1079 4336 Benedictnm
1101 4274 1273 4354 invocemus,

895 4362 984 4434 Quem
998 4360 1090 4420 Deum
1111 4377 1174 4421 esse
1189 4377 1347 4424 censemus.
