2918 4868
604 241 818 305 ...89-

509 408 562 465 lta.
598 409 637 466 os
658 410 757 466 sancte
775 409 911 466 Barbara.

619 513 662 567 Ad
680 512 793 568 Laudes.

123 620 151 680 1.
175 619 199 679 0
221 620 346 692 gloriosa
367 619 506 692 Barbara,
740 624 769 683 3.
792 622 935 694 Rogamus
958 636 1025 694 ergo
1048 623 1156 692 cernui,

176 703 300 778 Coelesti
320 705 420 776 jnucta
441 705 506 777 lilii,
791 707 832 766 Ut
853 705 889 765 ab
910 707 1055 765 horrendo
1077 705 1190 780 fulgure

175 790 284 850 Ornata
306 790 379 848 coeli
401 791 493 864 gloria
790 792 830 851 Et
852 809 869 850 a
892 792 974 850 clade
996 793 1113 850 tonitrui

175 876 233 935 Pro
253 883 332 934 veste
354 874 544 949 corruptibili.
790 877 850 935 Nos
872 893 969 936 serves
989 879 1065 936 omni
1087 884 1224 951 temporo.

121 981 151 1039 2.
175 977 199 1037 0
222 978 348 1051 pretiosa
369 979 472 1050 hostia,
738 983 768 1040 4.
791 978 913 1038 Virtutis
936 986 1001 1039 tuae
1023 981 1133 1038 meritis

176 1063 290 1122 Christo
311 1064 392 1122 uuita
414 1065 511 1137 capiti,
791 1066 910 1124 Custodi
932 1082 984 1124 nos
1006 1083 1024 1124 a
1045 1067 1184 1140 grandine

178 1148 323 1206 Christum
346 1150 476 1222 adquiris
500 1150 622 1223 provida
790 1151 830 1208 Et
850 1152 880 1209 in
904 1152 951 1210 die
969 1152 1072 1223 judicii

178 1237 235 1293 l'ro
258 1235 352 1308 capite
374 1235 498 1295 solubili.
790 1241 815 1295 A
839 1253 931 1309 poena
952 1245 981 1294 et
1002 1255 1019 1295 a
1038 1238 1144 1309 jndice.

481 1343 509 1399 5.
534 1337 635 1396 Gloria
656 1338 718 1410 tibi,
742 1338 874 1410 Domine,

534 1424 587 1495 Qui
609 1425 752 1482 coronasti
774 1432 938 1501 martyrem,

533 1509 603 1568 Cum
625 1516 708 1582 patre
730 1516 760 1567 et
781 1517 880 1569 sancto
902 1510 1005 1582 spiritu

535 1595 568 1652 ln
590 1595 764 1667 sempiterna
786 1597 909 1654 saecula.

191 1712 269 1761 Brev.
288 1727 336 1761 ms.
355 1712 596 1775 Compostellanmn
616 1728 682 1762 saec.
702 1711 740 1762 15.
759 1713 823 1763 Cod.
841 1714 927 1778 t'lapit.
946 1712 1114 1776 Compostell.
1134 1731 1154 1763 s.
1173 1730 1199 1762 n.
1217 1715 1248 1763 Α.
1267 1741 1298 1748 -

122 1781 199 1829 Brev.
218 1779 375 1844 Urgellense
393 1783 454 1845 imp.
474 1782 594 1830 venetiis
613 1778 686 1831 1487.
705 1781 734 1830 B.
753 1809 786 1817 —-
807 1779 836 1841 l,
857 1779 868 1830 l
888 1784 911 1830 0
929 1781 994 1831 fehlt
1012 1784 1039 1831 B.
1061 1809 1090 1815 --
1112 1779 1134 1837 l.
1153 1779 1169 1831 2
1187 1782 1299 1832 Coelesti

119 1848 215 1911 juncta
233 1848 318 1898 lilium
337 1850 371 1910 B3
390 1849 452 1898 lies:
471 1849 600 1899 molestis
614 1850 707 1913 juncta
724 1849 794 1899 lilii?
813 1876 845 1883 —
867 1847 886 1908 l,
906 1847 922 1899 3
940 1853 1039 1899 Ornata
1060 1853 1139 1899 etiam
1156 1851 1244 1915 gloria
1261 1853 1299 1909 A;

123 1932 174 1966 nur
191 1917 228 1966 Et
244 1916 331 1980 gloria
349 1919 377 1967 B.
396 1942 429 1951 -
449 1915 471 1978 l,
489 1914 507 1966 4
523 1917 575 1967 Pro
593 1922 667 1968 veste
685 1919 880 1982 incorruptibili
898 1920 928 1978 ll,
953 1935 999 1984 pro
1019 1926 1090 1969 veste
1108 1920 1298 1984 contemptibili

125 1986 155 2034 ll.
173 2014 208 2021 —
225 1981 250 2047 2,
268 1981 286 2034 2
303 1985 407 2035 Christo
425 1987 482 2035 vita
499 1988 579 2051 capiti
596 1989 625 2036 B.
644 2012 677 2021 —
695 1983 719 2046 2,
738 1984 755 2035 4
773 1987 824 2036 Pro
841 1988 929 2052 capite
945 1988 1058 2036 sobabili
1073 1988 1101 2036 B.
1123 2015 1152 2021 -
1171 1985 1195 2047 4,
1217 1986 1299 2036 lvm-

123 2060 180 2103 tute
199 2056 239 2102 tni
257 2054 291 2116 43
311 2055 415 2103 Virtute
432 2059 494 2103 tuae
506 2054 536 2103 B.
549 2081 581 2089 -
594 2054 645 2103 Str.
658 2052 676 2104 4
688 2055 741 2104 und
754 2052 770 2103 5
783 2056 841 2104 siml
856 2057 883 2104 in
896 2056 917 2103 Λ
931 2056 1078 2104 irrtrimliclr
1091 2056 1299 2105 verselmrolneu:

517 2124 619 2172 Virtute
638 2125 676 2172 tui
695 2125 815 2187 Domine,

517 2193 568 2252 Qui
586 2194 719 2242 coronasti
738 2198 879 2257 martyrem
898 2200 945 2242 etc.

124 2261 178 2309 Der
196 2260 317 2323 Hymnus
335 2258 406 2310 steht
423 2259 456 2308 ad
475 2261 636 2310 Nocturnum
654 2262 681 2310 in
700 2262 729 2310 B.

513 2426 567 2482 124.
606 2427 642 2482 Be
659 2429 759 2483 sancta
777 2426 915 2484 Barbara.

623 2530 666 2583 Ad
683 2530 797 2584 laudes.

125 2640 154 2698 1.
177 2636 255 2695 Audi
278 2643 398 2709 patema
420 2638 524 2697 caritas
741 2643 768 2699 3.
794 2639 878 2697 Nunc
900 2655 967 2713 ergo
986 2641 1086 2711 juncta
1108 2641 1219 2712 superis

176 2723 300 2780 Tnorum
324 2739 407 2782 voees
430 2725 603 2797 supplicum,
794 2724 835 2781 To
857 2727 1000 2798 poscimus
1023 2726 1202 2784 Christicolis

176 2810 304 2867 Intentos
323 2810 381 2867 suis
404 2809 536 2869 laudibus
795 2855 1109 2873 ...........
1133 2812 1209 2868 veris

175 2893 262 2952 Salva
284 2893 431 2953 Barbarae
448 2895 591 2970 precibus.
795 2941 801 2954 .
827 2943 833 2955 .
859 2943 865 2955 .
891 2896 1013 2954 fovendo
1037 2896 1144 2957 rivolis.

122 2999 153 3058 2.
177 2996 245 3068 Ipsa
266 3012 319 3068 pro
341 3004 370 3053 te
392 2998 526 3055 sustinuit
741 3000 769 3057 4.
795 2999 926 3056 Praestet
944 3005 1027 3070 pater
1049 3006 1077 3055 et
1099 2998 1185 3069 tilius,

175 3081 331 3140 Tormenta
353 3083 438 3140 nimis
459 3084 590 3156 grandia,
794 3084 923 3141 Praestet
944 3085 1091 3142 amborum
1114 3084 1233 3156 spiritus

175 3166 268 3236 Quare
290 3183 308 3226 a
329 3172 358 3225 te
381 3169 539 3239 promeruit
793 3170 834 3229 Ut
856 3171 917 3240 ejus
939 3170 1045 3227 sanctis
1068 3169 1202 3241 precibus

175 3253 315 3312 Coclestia
338 3253 418 3326 regui
440 3254 557 3327 gaudia.
792 3254 870 3312 Coeli
889 3255 1042 3328 jungamur
1065 3255 1182 3315 civibus,

191 3370 267 3419 Brcv.
286 3370 443 3434 Urgellense
463 3373 524 3436 imp.
544 3373 663 3422 Venetiis
686 3368 758 3421 1487.
781 3399 808 3405 -
831 3370 853 3431 l,
874 3370 968 3421 llludi
986 3378 1098 3437 patrona
1115 3373 1254 3421 claritatis.
1269 3402 1300 3409 -

121 3435 147 3500 2,
164 3433 182 3486 2
200 3440 279 3487 aionis
297 3440 413 3504 ergtiuzt.
432 3465 464 3473 -
482 3437 507 3500 4,
529 3438 540 3488 l
560 3436 670 3490 Praesta
687 3447 770 3506 pater.
791 3470 821 3476 -
840 3439 865 3499 4,
883 3437 901 3489 4
919 3440 1035 3490 truamur
1053 3442 1165 3494 civiBus,

508 3602 564 3660 tto.
601 3604 639 3661 Be
657 3605 757 3661 sancta
776 3604 912 3661 Barbara.

572 3707 615 3762 Ad
630 3709 710 3777 Vesp.
728 3716 755 3761 et
771 3708 796 3761 N
798 3716 848 3762 oct

124 3818 151 3879 l.
175 3815 268 3874 Sonus
289 3822 371 3872 sonet
390 3815 585 3893 symphoniae,
740 3819 768 3875 2.
794 3815 901 3874 Gratas
923 3817 1011 3889 gratis
1034 3819 1217 3889 gratulemur,

221 3899 289 3958 Lira
311 3900 377 3959 liret
400 3901 536 3967 citharae,
835 3901 924 3959 Grate
946 3904 1137 3976 gratulamini,

175 3986 235 4046 met
258 3986 367 4043 melitet
389 3987 538 4057 melodiae,
616 4038 619 4043 .
792 3988 894 4045 Medos
917 3989 1009 4046 modis
1032 3988 1217 4063 modulemur,

220 4071 312 4129 Melos
332 4069 402 4131 fluat
425 4078 549 4150 nectare,
835 4073 890 4131 Cor
913 4075 1066 4132 concordet
1090 4075 1217 4145 etrmini,

176 4160 266 4215 Amor
286 4157 371 4215 ardet
391 4157 563 4233 harmoniae,
792 4158 893 4226 Corde,
919 4174 1039 4230 corpore
1061 4175 1194 4216 conemur

219 4242 330 4316 Lingua
351 4258 421 4301 voce
442 4258 576 4316 comparo
834 4244 880 4301 Ad
905 4244 1038 4301 bonorem
1060 4244 1189 4319 Domini,

175 4328 295 4389 Clareus
317 4328 411 4387 clerus
433 4329 486 4386 hac
508 4330 538 4386 iu
561 4330 608 4386 die
791 4329 852 4385 Deo
876 4329 960 4400 digne
984 4328 1153 4386 farnutemur

220 4412 343 4473 Sanctae
364 4415 471 4491 psallat
493 4414 647 4475 Banarae.
834 4414 948 4472 Laudes
972 4415 1067 4472 dando
1090 4414 1203 4486 virgini.
