2918 4868
597 285 833 353 ηπ-

379 463 407 521 2.
430 463 516 534 Ecce,
540 463 641 521 Toleto
663 462 792 536 Lybibus
814 464 944 537 superbis

431 548 534 605 Pulsus
556 549 642 621 elegit
663 550 800 608 tumulum
824 552 970 621 Zarnorae,

429 633 523 690 Multa
546 640 611 706 post
633 634 728 693 saeelu
750 635 866 694 latitans
888 635 995 694 ibidem

471 720 612 778 Panditur
633 721 697 780 iste.

375 860 404 918 3.
427 857 483 927 En,
507 857 607 915 vident
629 857 716 929 caeci,
739 857 806 916 salit
828 865 914 931 atque
937 858 1065 929 claudus,

428 942 558 1000 Audiunt
580 943 668 1015 surdi,
694 949 883 1016 resonantque
904 943 975 1001 muti

428 1027 520 1099 Hujus
542 1028 581 1086 ad
604 1027 726 1104 bustum,
751 1026 918 1102 fugiensque
940 1029 1060 1088 daemon

472 1115 600 1186 Corpora
623 1114 736 1187 linquit.

376 1252 405 1312 4.
429 1249 513 1322 Eece,
532 1251 592 1322 jann
615 1251 695 1324 eujus
717 1253 901 1311 memoranda
922 1257 1002 1325 gesta

429 1335 494 1394 Non
515 1342 622 1408 queunt
644 1336 757 1410 linguae
779 1354 912 1397 resonare
934 1337 1019 1410 plene

430 1421 501 1494 EJus
524 1421 653 1495 ingentes
675 1438 778 1481 canere
800 1430 885 1496 atque
907 1424 1006 1482 laudes

472 1506 563 1566 Nemo
586 1507 703 1570 valebit.

377 1647 406 1705 5.
430 1644 453 1702 0
476 1647 567 1717 pater,
590 1643 679 1716 salve,
703 1645 865 1704 venerande
888 1646 1013 1721 praesul,

429 1730 452 1789 0
475 1729 655 1787 sacerdotum
678 1729 765 1788 decus
787 1737 816 1788 at
837 1731 954 1801 corolla,

428 1815 481 1887 qui
503 1820 582 1873 tuum
605 1812 708 1873 festum
731 1831 900 1875 veneramur·
921 1817 1036 1889 almum,

472 1901 594 1973 Protege
617 1901 750 1964 clemens.

199 2016 274 2066 Brea.
295 2017 469 2067 Zamoranum
488 2020 549 2083 imp.
571 2014 643 2068 15**.

512 2269 573 2327 299.
608 2271 646 2327 lle
664 2272 762 2327 saneto
779 2269 925 2326 inquietin.

623 2410 666 2464 Ad
684 2410 824 2480 vesperas.

337 2551 364 2609 1.
387 2549 577 2610 Conditor
599 2552 695 2610 alme
717 2551 897 2626 siderum,
921 2551 970 2624 qui
992 2549 1104 2623 palmae

387 2634 500 2694 Sanctis
524 2637 575 2695 das
598 2638 681 2710 dona,
705 2637 787 2696 nobis
809 2643 839 2694 et
861 2637 1000 2708 condona,

387 2720 496 2780 Cunere
519 2724 607 2781 eorda
629 2724 745 2782 vocibus
769 2723 911 2781 oonearda

430 2808 477 2869 Ut
500 2815 639 2881 queant
661 2808 771 2870 laxis.

333 2947 362 3004 2.
388 2943 548 3003 Verbum
571 2961 773 3019 supernum
796 2946 985 3019 prodiens
1007 2956 1154 3004 aetornum

386 3030 501 3088 Pastum
525 3032 638 3091 virtutis
661 3031 780 3090 verbum
802 3038 831 3090 et
852 3032 953 3089 salutis

386 3115 444 3174 Dat
465 3116 547 3175 nobis
570 3117 647 3175 vesei
669 3133 721 3190 per
744 3125 781 3191 te,
805 3118 938 3194 Indaleti,

427 3202 589 3262 Onimis
612 3200 718 3261 felix.

335 3343 363 3398 3.
387 3339 464 3397 Vox
488 3340 615 3417 alara,
639 3357 744 3417 ecee,
769 3341 975 3398 intonaret
998 3338 1077 3398 faece

385 3425 488 3482 Traxit
509 3442 608 3484 amara
629 3442 738 3499 ponens
761 3443 812 3484 nos
834 3426 886 3483 sub
909 3443 960 3485 ara

386 3511 494 3570 Tristia
517 3511 586 3585 ligni
609 3511 795 3584 praedicebat
817 3510 896 3585 digni

431 3596 533 3667 Quod
557 3597 697 3656 ehorus
720 3601 853 3656 vatum.

333 3734 361 3790 4.
385 3733 413 3791 Α
436 3734 535 3792 solie
557 3742 667 3795 ortua
690 3735 853 3794 cardina
875 3740 1000 3806 exortus,

393 3818 501 3892 Fulgor
522 3819 679 3897 illustrans,
703 3821 880 3880 occidentem
904 3821 1040 3896 lustrans,

389 3905 505 3977 Septem
528 3905 677 3964 doctarum
698 3923 771 3965 unus
793 3906 952 3977 beatarum,

430 3991 511 4049 lata
533 3989 749 4052 confessor.

333 4131 362 4188 5.
389 4128 548 4187 Vexilla
571 4129 676 4202 regis
698 4128 896 4202 prodeunt
917 4136 946 4186 ot
968 4129 1040 4203 logis

386 4214 492 4272 Christi
515 4215 659 4288 Hispanos
681 4215 808 4272 animent
830 4216 867 4274 ad
891 4232 974 4273 sanos

387 4301 477 4358 Actus
500 4316 553 4372 per
576 4300 653 4359 dieta
676 4300 776 4359 horum
798 4307 828 4358 at
849 4301 956 4360 invicta

429 4386 563 4459 liujus,
585 4402 602 4445 o
625 4386 789 4449 Christe
