2918 4868
640 255 873 321 -172-

577 433 607 490 5.
631 429 730 490 Gloria
753 430 791 488 sit
812 435 890 508 nato,

630 516 761 591 Ingenito
782 517 867 590 patri,

630 601 756 661 Flamini
777 600 862 660 beato

627 688 666 745 Et
689 687 776 745 decus
797 687 836 745 sit
857 686 952 759 matri,

630 772 750 845 Templo
772 772 919 845 trinitatis,

628 859 699 920 Cum
720 858 827 916 sanctis
850 857 950 930 beatis,

627 943 667 1002 Et
688 943 770 1002 nobis
792 943 831 1001 sit
852 943 913 1002 vita

629 1028 697 1088 aun
720 1027 762 1086 eis
783 1028 864 1087 unita

630 1114 686 1172 Per
707 1114 821 1173 saecula
843 1118 954 1175 cuncta.

234 1238 310 1287 Brcu.
334 1251 381 1285 ms.
400 1235 556 1284 Zamarense
579 1248 648 1283 saec.
675 1229 714 1282 15,
738 1231 801 1282 eod.
822 1232 908 1298 Capit
925 1233 1052 1282 Zamorau
1076 1249 1096 1282 a.
1121 1250 1146 1282 n.
1169 1232 1256 1282 -lin
1281 1234 1345 1281 awai

166 1305 274 1357 Stellam.
294 1331 326 1339 —
346 1302 368 1363 l,
386 1300 403 1352 2
421 1301 486 1352 fehlt
504 1301 599 1352 ainmal
618 1300 665 1351 das
685 1301 763 1350 Wort
779 1300 900 1352 Sanctus.

543 1465 605 1524 tot.
640 1466 679 1524 ila
698 1470 795 1524 sancto
813 1466 962 1524 ildefonso.

637 1588 680 1643 Ad
697 1589 870 1644 Nocturnum.

166 1721 194 1784 1.
218 1721 323 1793 Pange,
347 1716 422 1789 polis
442 1714 633 1791 zamorensis,

217 1803 283 1863 Tibi
307 1809 350 1860 cst
371 1818 389 1859 a
411 1800 473 1858 Deo
494 1799 577 1858 datus

218 1888 304 1948 Ensis
325 1887 392 1945 oiim
415 1886 444 1944 in
466 1884 581 1943 offensis

217 1971 379 2048 illefonsus,
402 1972 447 2028 vir
469 1970 578 2041 beatus,

260 2059 312 2130 Qui
335 2064 364 2115 te
386 2057 503 2114 nimium
526 2056 644 2114 decorat

216 2145 254 2204 Iit
285 2149 342 2200 tam
366 2158 419 2215 pro
442 2147 471 2199 te
493 2158 576 2214 quam
599 2141 728 2214 proluis

217 2228 294 2290 Urbs
316 2229 410 2299 beata,
434 2227 522 2300 digna
546 2228 641 2303 laude,

217 2316 373 2388 'iamquam
396 2311 463 2370 filiis
484 2329 538 2385 pro
560 2312 628 2382 suis,

218 2401 304 2462 Unde
326 2399 438 2457 exsuita
460 2403 489 2454 et
510 2397 612 2470 gaude,

259 2485 326 2558 Jugi
351 2499 437 2558 prece
460 2483 551 2541 ileum
574 2488 646 2542 orat.

162 2592 191 2650 2.
216 2589 304 2660 Quem
327 2588 458 2647 Toletum
481 2584 557 2642 misit
577 2584 639 2661 tibi,

214 2672 386 2746 Metropolis
410 2671 570 2742 benedicta,

215 2759 248 2817 iu
271 2774 351 2817 suum
374 2757 461 2829 elegit
482 2755 538 2812 sibi

215 2844 270 2902 Dei
293 2844 435 2901 materia
458 2840 515 2899 hac
537 2840 598 2899 vita

257 2930 303 2987 Ad
323 2926 480 2986 cantandas
501 2925 557 2983 sibi
580 2925 689 2986 laudea.

214 3017 290 3088 Quas
313 3012 476 3086 frequenter
497 3012 527 3070 in
549 3011 603 3069 hac
624 3012 688 3070 luce

216 3101 289 3172 Quia
311 3099 366 3157 sibi
389 3096 562 3169 decantavit,

214 3185 304 3243 Totus
325 3189 477 3244 manetes
500 3183 571 3242 duce

215 3270 324 3329 Fruotu
347 3267 454 3342 fruens,
477 3284 560 3342 quem
583 3266 711 3341 speravit

258 3359 379 3419 Sanctus
408 3355 463 3426 liic,
486 3354 531 3412 cni
554 3352 724 3426 congaudes.

784 1716 814 1777 S.
836 1712 921 1772 Daiei
944 1714 1011 1787 quia
1032 1715 1156 1773 melodia

835 1799 927 1872 Saepe
950 1800 1114 1859 decantavit
1135 1801 1171 1878 ci,

832 1885 944 1944 Dilenit
965 1900 1027 1943 enm
1050 1886 1154 1960 Maria,

831 1970 923 2028 Stella
943 1972 1040 2043 maris,
1064 1978 1156 2029 mater
1178 1971 1242 2042 Dei,

876 2055 1045 2114 labentium
1068 2056 1189 2129 opificis.

834 2142 867 2199 iu
890 2141 1001 2214 signum
1025 2142 1187 2200 dilectionis

831 2226 912 2284 Haec
934 2227 1025 2285 lilium
1047 2228 1218 2285 convallium

832 2313 945 2384 Vosque
967 2312 1175 2371 benedictionis

834 2396 972 2455 Submisit
995 2398 1020 2454 ei
1043 2398 1172 2473 pallium,

873 2482 929 2540 Sed
953 2482 990 2541 ad
1012 2499 1092 2542 usum
1115 2483 1268 2556 pontilicis.

781 2587 810 2645 4.
835 2585 904 2644 oum
927 2590 1010 2657 patre
1033 2586 1239 2645 consolatorem

831 2668 994 2743 Natumque
1016 2672 1100 2729 simul
1124 2671 1275 2730 laudantes

830 2755 983 2813 Precemur
1004 2756 1080 2815 hanc
1103 2755 1302 2834 confessorem,

832 2842 872 2901 Ut
894 2858 945 2899 nos
968 2841 997 2898 in
1020 2844 1129 2900 coelum
1153 2843 1292 2902 laetantes

874 2928 1019 2986 Perducat
1041 2928 1099 2986 snis
1120 2927 1263 3002 precibus,

828 3010 868 3069 Et
888 3019 920 3069 ut
941 3027 1076 3086 queamus
1100 3013 1211 3086 dignius

830 3097 904 3156 illac
926 3095 1024 3156 felices
1046 3098 1174 3172 tendere,

829 3181 972 3256 Dignatur
993 3183 1048 3241 Dei
1070 3182 1145 3243 filius

830 3267 891 3326 Nos
915 3269 1044 3343 expiatos
1067 3270 1189 3328 reddere

873 3356 900 3412 A
924 3360 1105 3428 peccatorum
1128 3353 1266 3416 faecibus.

229 3476 305 3525 Brev.
328 3490 375 3524 ms.
394 3474 550 3523 Zamorense
574 3487 643 3521 eaeo.
672 3469 711 3521 15.
739 3470 801 3521 Cod.
820 3472 906 3536 Capit
925 3473 1060 3523 zamoren.
1080 3489 1101 3522 s.
1119 3489 1144 3522 n.
1165 3475 1255 3523 -An
1274 3475 1339 3523 avvei

160 3544 260 3595 Stellam
283 3543 305 3592 A
328 3542 381 3592 und
404 3544 433 3591 B.
458 3571 490 3577 —
509 3537 539 3600 2.
562 3538 719 3591 9Fructum
744 3541 831 3590 fruens
850 3542 902 3591 AB.
928 3571 959 3578 -
983 3539 1012 3602 3,
1040 3540 1203 3607 lDuicique
1226 3543 1340 3591 melodia

159 3614 213 3664 AB.
233 3638 264 3647 -
283 3609 309 3670 4,
329 3609 346 3660 4
365 3627 421 3677 sqq.
439 3611 615 3675 weggerissen
631 3609 663 3659 A.

546 3776 606 3833 att.
641 3776 679 3833 ilc
697 3777 794 3833 sancto
812 3774 959 3833 iideionso.

658 3898 702 3954 Ad
718 3898 833 3954 Laudes.

161 4033 190 4092 1.
214 4027 322 4099 Pande,
346 4032 447 4100 pastor
468 4026 589 4100 egregie,

253 4113 307 4186 Qui
329 4109 392 4186 iuit,
416 4113 465 4187 qni
486 4113 592 4171 nostris
615 4112 673 4171 oris

213 4198 341 4257 Advenit
362 4198 415 4257 sub
436 4196 531 4271 effigie

254 4283 463 4356 Supplicissimi
485 4284 608 4357 pastoris

297 4369 446 4429 Sacerdoti
468 4369 637 4430 reverendo.

827 4026 934 4084 Dicens
956 4031 1005 4086 tua
1027 4025 1089 4086 iore
1111 4044 1177 4087 ossa

872 4114 905 4170 in
928 4114 1080 4185 sepulchro
1102 4131 1158 4172 non
1180 4113 1267 4180 inani,

828 4197 914 4258 Haud
936 4197 1121 4271 longanimis
1142 4216 1160 4257 a
1182 4198 1258 4257 fossa

872 4281 1051 4343 Confessoris
1075 4285 1206 4354 attilani,

915 4368 992 4427 Pede
1014 4371 1105 4429 iocum
1128 4371 1314 4431 ostendendo.
