2918 4868
613 267 848 332 -271-

145 446 174 505 3.
198 444 284 502 Alme
305 448 416 517 martyr
437 443 572 520 pretiose,
761 447 791 507 4.
814 442 915 503 Gloria
938 443 976 501 sit
998 443 1059 502 Deo
1081 441 1157 515 putri

239 533 306 589 vote
327 535 426 588 nostre
447 528 570 605 suscipe,
855 534 941 602 atque
963 528 1024 601 ejus
1043 526 1103 586 filio

196 617 287 675 Preoe
309 614 407 688 culpas
429 631 521 687 purga
543 620 656 674 nostrus
813 614 860 675 Ab
879 621 999 687 utroque
1022 612 1190 686 procedenti

241 701 367 773 dansque
389 700 482 758 locum
505 700 614 772 veniae,
855 706 1012 772 sanctoque
1033 697 1183 774 paraclito,

201 786 259 847 Ubi
282 802 395 860 regnos,
418 802 469 843 nos
491 793 645 859 praesente
812 787 866 860 Qui
888 792 932 843 est
955 801 1023 844 vera
1044 789 1226 858 peccatorum

238 879 305 930 aute
327 887 423 945 regem
445 872 562 945 gloriae.
855 872 979 930 omniurn
1000 870 1139 931 remissio.

217 991 249 1039 lu
275 983 419 1039 denselbeu
443 989 555 1051 Quelleu
584 991 635 1039 wie
658 990 705 1040 der
726 988 939 1055 vorhergehende
960 987 1093 1051 Hymnus,
1123 1002 1176 1035 von
1198 983 1322 1035 welchcm

145 1058 233 1108 dieser
258 1074 308 1107 nur
333 1060 392 1107 eine
414 1059 529 1107 Divisio.
551 1083 584 1091 -
610 1054 674 1112 1.ss
697 1059 735 1110 Ut
756 1073 803 1123 pro
826 1058 900 1122 cujus
923 1056 950 1108 S.
971 1082 1005 1091 -
1028 1052 1058 1119 2,
1085 1052 1271 1104 lAblatrante
1290 1051 1323 1115 ὃς

146 1127 304 1178 Oblatrante
322 1127 374 1176 KP.
393 1155 426 1162 --
445 1123 475 1186 2,
498 1123 515 1176 3
533 1126 661 1176 famulatu
679 1126 751 1177 felici
768 1127 789 1177 Ι.
807 1152 842 1161 -
859 1122 887 1188 3,
909 1122 927 1175 2
944 1140 1023 1176 voces
1041 1129 1145 1174 nostm
1162 1123 1214 1183 IK3
1232 1136 1322 1186 preces

146 1200 251 1245 nostrus
270 1195 296 1245 S.
316 1222 348 1230 -
366 1190 396 1253 3,
415 1190 432 1245 3
450 1196 544 1245 Preces
562 1196 588 1257 13
612 1200 716 1246 nostrae
733 1194 800 1245 fehlt
816 1196 842 1258 13
867 1196 916 1244 Pia
934 1209 1010 1258 prees
1028 1193 1119 1258 culpus
1138 1205 1221 1258 purge
1238 1190 1270 1240 K.
1289 1217 1322 1225 -

143 1259 168 1325 3,
186 1261 202 1314 6
220 1267 281 1314 ente
299 1263 421 1313 thronum
441 1265 462 1313 Ι.

518 1462 581 1520 474.
615 1464 655 1522 llo
672 1465 769 1521 ceneto
785 1460 942 1521 Vincentio.

633 1584 677 1640 Ad
694 1585 835 1655 vesperas.

147 1710 174 1770 l.
194 1708 339 1768 vincentii
360 1710 527 1785 martyrium
762 1713 791 1772 3.
814 1710 902 1770 Vims
924 1709 1065 1783 serpentis
1087 1707 1179 1767 invidi

201 1794 240 1852 Et
261 1794 372 1869 insigne
392 1796 575 1869 praeconium
816 1796 873 1856 Cor
894 1796 1015 1855 Deciani
1037 1794 1133 1854 rabidi

199 1879 384 1939 Celebrantes
407 1898 470 1938 cum
491 1882 596 1955 gaudio
813 1882 955 1941 Accendit
976 1882 1006 1939 in
1028 1880 1177 1952 iniseriam,

200 1966 359 2025 Psallamns
382 1983 446 2024 cnm
469 1968 606 2041 tripudio.
812 1968 853 2028 Ut
875 1967 985 2026 deleret
1012 1965 1169 2024 ecclesium.

145 2071 173 2128 2.
197 2067 254 2127 ilic
274 2067 387 2141 gemine
408 2070 528 2128 scientia
761 2073 790 2130 4.
812 2071 870 2129 Hic
891 2070 1053 2143 praesulem
1077 2067 1221 2126 Valerium

199 2153 239 2210 Et
261 2170 370 2212 moram
393 2155 564 2212 excellentia
814 2156 854 2215 Et
876 2156 993 2213 levitam
1016 2152 1196 2212 vincentium

200 2238 322 2296 Florens
343 2239 448 2299 levitae
470 2242 571 2299 solium
814 2240 916 2300 Multis
939 2256 1035 2298 caesos
1057 2237 1207 2312 suppliciis

200 2323 341 2382 Ascendit
361 2341 414 2399 per
437 2327 590 2388 Valeriam.
814 2323 930 2385 Atflixit
955 2324 1048 2383 modis
1070 2324 1167 2385 variis

505 2433 534 2490 5.
556 2428 693 2500 sitiens,
717 2429 807 2488 honor
825 2427 951 2502 ingenito

557 2512 649 2590 Patri,
671 2519 748 2584 nuto,
770 2514 920 2589 paraclito,

557 2599 612 2672 Qui
634 2605 777 2658 cenantes
797 2598 923 2658 fideliter

556 2686 731 2746 Remunerat
753 2683 885 2746 feliciter.

216 2802 290 2851 Brev.
318 2819 364 2851 ms.
384 2803 612 2870 Calagurritunum
631 2820 700 2856 saec.
720 2801 759 2854 15.
785 2803 849 2856 eod.
867 2804 1053 2854 Salmantieem
1074 2799 1130 2851 186.
1148 2799 1179 2849 A.
1199 2825 1230 2834 -
1249 2800 1325 2849 Brev.

148 2869 376 2934 Calagurritanum
396 2878 422 2922 et
437 2872 601 2925 Calciatense
619 2875 681 2939 imp.
704 2874 827 2924 Lucronii
852 2869 926 2923 1543.
939 2873 968 2922 B.
987 2898 1020 2907 -
1032 2872 1083 2920 Die
1095 2868 1243 2935 Doxologie
1260 2866 1326 2918 fehlt

146 2939 175 2988 Β.
193 2966 227 2975 -
245 2937 269 3002 5,
290 2936 302 2988 1
322 2939 405 2990 honor
422 2941 488 2992 fehlt
504 2943 535 2992 A.

527 3142 578 3200 475
620 3143 661 3200 lle
678 3143 774 3200 sancto
792 3138 948 3199 Vincentio.

614 3264 656 3318 Ad
675 3264 847 3320 Nocturnum.

152 3384 179 3445 1.
202 3384 336 3443 Athletae
358 3384 524 3459 beatissimi,
765 3393 795 3450 4.
818 3388 912 3447 Multa
934 3402 1087 3461 perpessus
1110 3386 1231 3446 verbere

204 3469 345 3528 vincentii
368 3468 517 3530 fortissimi
817 3474 1091 3544 Tormentommque
1113 3488 1219 3545 genera

204 3554 321 3613 Festum
344 3557 469 3615 colentes
491 3558 577 3617 hodie
817 3560 933 3636 Mertyr
955 3558 1068 3618 devicto
1090 3557 1191 3616 nebulo

205 3640 364 3700 Psallemns
387 3644 448 3717 regi
469 3644 587 3717 gloriae.
818 3645 974 3704 Emicuite
995 3644 1120 3704 saeculo.

152 3747 181 3807 2.
205 3742 302 3817 Stirpe
324 3749 408 3803 natas
430 3747 545 3821 egregia
766 3750 794 3809 5.
819 3749 928 3820 Corpus
951 3762 1051 3819 cempo
1073 3745 1233 3823 projicitur,

203 3828 334 3888 Moribus
356 3837 386 3890 et
407 3831 527 3891 scientis
818 3833 901 3891 Feris
924 3832 1081 3892 vorandum
1104 3831 1252 3905 linquitur,

202 3915 273 3974 Jeeu
296 3914 411 3974 Christo
433 3918 604 3991 complacuit
819 3917 876 3977 Sed
899 3917 954 3976 Dei
976 3916 1159 3990 providentis

204 4000 422 4075 virtutibusque
444 4000 549 4062 floruit.
818 4004 927 4063 Corvus
948 4002 1032 4061 adest
1053 4003 1191 4062 custodia.

151 4107 180 4165 3.
203 4102 329 4162 Verbum
352 4104 406 4162 Dei
431 4106 538 4165 diutius
766 4110 794 4168 6.
819 4105 896 4163 Hinc
918 4105 1005 4163 muris
1028 4105 1113 4164 datur
1135 4102 1269 4164 fluctibus

203 4188 376 4248 Semiuendo
399 4189 508 4249 felicius
819 4190 1021 4249 Devorcndum
1044 4207 1062 4248 a
1084 4190 1221 4265 piscibus,

205 4274 267 4333 Deo
290 4275 431 4334 reddebat
453 4277 588 4350 populum
819 4276 876 4335 Sed
900 4276 966 4348 qnia
987 4276 1049 4335 Deo
1072 4276 1190 4354 placuit,

203 4358 361 4433 Deceptum
384 4378 437 4435 per
456 4361 609 4424 diabolum.
815 4362 949 4422 illaesum
970 4361 1039 4420 litus
1061 4362 1163 4425 tenuit.
