2918 4868
633 249 867 316 -276-

166 429 194 488 3.
219 425 351 486 virorem
374 424 531 498 pudicitiae
779 429 808 486 5.
832 424 995 498 Flagrantis
1018 425 1063 483 vir
1084 424 1214 498 obsequii

219 511 304 570 Casto
327 514 478 569 conservat
498 525 627 583 torpore,
832 510 938 568 Terras
960 509 1029 567 terit
1048 515 1078 567 et
1098 511 1198 585 maria,

218 596 377 670 Exemplar
398 595 590 668 poenitentiae
834 596 960 655 Palmam
983 601 1082 653 teneus
1105 596 1211 668 eloquii

219 681 256 741 Se
277 682 399 756 praebet
420 698 471 740 sno
493 685 632 754 tempore.
832 681 902 740 Alta
923 681 1021 754 prodit
1043 682 1189 755 mysteria.

165 786 195 847 4.
220 784 315 858 Digna
337 799 406 843 vooe
427 783 596 857 prophetica
783 788 812 847 6.
835 786 973 844 occasum
995 784 1093 843 mundi
1115 784 1245 842 nesciens

219 870 335 929 Arcana
356 868 459 943 pandit
482 869 616 943 plurima,
835 870 969 929 Amorem
993 869 1064 927 coeli
1087 869 1222 943 suggerit,

220 955 360 1014 Doctrina
382 954 546 1028 evangeliea
836 954 922 1028 Spem
943 972 962 1014 a
983 955 1105 1013 terrenis
1126 953 1260 1014 auferens

222 1040 323 1100 Floret
341 1039 463 1099 illustris
484 1040 589 1099 anima
839 1039 969 1114 Supema
989 1039 1072 1098 nobis
1094 1040 1207 1114 ingerit.

538 1144 567 1203 7.
589 1143 678 1214 Patri,
701 1146 769 1201 neto
792 1148 821 1200 et
842 1141 960 1203 flanrini.

168 1333 194 1380 te
237 1262 312 1311 Brev.
324 1263 488 1312 Dertnsense
504 1262 567 1326 imp.
579 1260 704 1325 Lugduni
719 1257 793 1311 1547.
806 1288 838 1298 -
851 1259 876 1323 5,
896 1258 910 1311 1
923 1261 969 1310 vix
981 1261 1109 1327 obsequii.
1123 1288 1155 1297 —
1168 1256 1191 1320 5,
1210 1256 1227 1310 3
1238 1259 1347 1309 Plenam

194 1344 268 1381 nens.

511 1492 572 1550 483.
607 1492 646 1550 lle
664 1507 687 1549 s.
705 1491 852 1552 Vincentio
869 1491 1008 1551 leiserio.

671 1614 715 1670 Ad
732 1614 845 1670 Laudes.

174 1742 203 1803 1.
225 1739 396 1799 Deferamus
419 1741 550 1800 devotius

225 1826 340 1885 Laudes
364 1826 458 1885 datori
479 1842 637 1900 munerum,
840 1828 947 1901 Ampla
968 1827 1061 1887 virtus
1084 1827 1255 1902 ostenditur,

224 1912 313 1984 Cujus
335 1928 390 1985 ope
412 1913 581 1972 Vincentius
841 1914 910 1974 Cum
934 1913 1042 1972 sanitas
1062 1912 1272 1987 languentibus,

226 1996 395 2057 Sanctorum
417 1999 498 2057 enuit
519 2014 677 2060 nnmerum.
839 1997 993 2057 Defnnetis
1015 1999 1075 2058 vite
1094 1999 1235 2059 redditur.

173 2102 203 2161 2.
227 2099 311 2157 Nitet
335 2100 417 2173 virgo
439 2099 610 2173 purissimus
790 2106 818 2164 5.
842 2103 890 2161 44
909 2101 1022 2175 priseae
1043 2102 1138 2160 modis
1161 2102 1302 2160 cumulum

226 2186 308 2244 Inter
330 2184 442 2258 piorum
465 2185 588 2260 agmina,
843 2187 928 2246 Nune
950 2187 1118 2245 venetensis
1140 2187 1235 2260 patria

226 2270 464 2331 Praedicatorum
485 2271 625 2330 maximus
844 2272 888 2333 Ob
909 2271 983 2331 tanti
1004 2272 1097 2345 patris
1119 2273 1258 2331 tumulum

229 2355 343 2416 Corona
362 2357 453 2430 pollet
475 2357 597 2431 gemina.
844 2357 951 2430 Majori
973 2358 1108 2431 splendet
1128 2358 1228 2430 gloria.

175 2462 204 2530 3,
227 2459 302 2517 Dum
324 2458 383 2517 ulta
404 2459 477 2532 petit
500 2459 624 2517 aetheris
722 2452 724 2457 ⁴
793 2463 822 2520 6.
844 2459 899 2531 Qui
921 2460 1072 2533 stupendis
1094 2459 1235 2533 prodigiis

229 2544 336 2603 Planeu
358 2544 450 2601 laetus
472 2545 612 2617 angelico,
848 2545 952 2603 Totum
976 2544 1096 2604 decoros
1118 2546 1273 2621 saeculnm,

230 2630 302 2689 Ossa
323 2628 421 2703 pudici
445 2631 573 2703 eorporis
848 2630 919 2688 Tuis
942 2645 1027 2689 serva
1048 2630 1212 2703 praesidiis,

230 2715 326 2787 liquit
347 2714 417 2773 orbe
440 2715 616 2774 Britannico.
846 2716 933 2788 Quem
958 2715 1101 2774 decorasti
1123 2718 1269 2790 populum.

549 2819 576 2877 i.
600 2817 690 2894 Patri,
714 2824 781 2877 nato
800 2825 829 2875 et
850 2814 967 2875 flamini.

246 2934 324 2984 Brev.
344 2936 506 2985 Dertussnss
524 2937 586 3001 imp.
604 2935 727 3002 Lugduni
747 2932 821 2986 1547.
839 2963 872 2973 —
891 2932 914 2998 6,
934 2933 952 2986 4
970 2938 1022 2998 Qui
1038 2935 1178 2988 decorasti.

410 3133 474 3192 484.
511 3135 550 3192 lle
568 3149 606 3192 ss.
624 3133 784 3206 Vinoontio,
801 3134 906 3193 Salina
924 3139 954 3193 et
971 3135 1120 3193 christete.

667 3256 710 3312 Ad
728 3257 868 3327 vesperas.

182 3381 209 3440 1.
231 3380 317 3452 Eone,
339 3388 453 3454 promat
475 3382 584 3459 landes,
610 3384 687 3443 dioat
795 3385 825 3445 3.
848 3383 953 3457 Legem
977 3381 1066 3452 dedit,
1089 3400 1174 3455 quem
1196 3384 1324 3457 implevit

273 3465 425 3538 jubilando
448 3468 574 3526 earmina
892 3468 1054 3526 immolatus
1077 3468 1180 3540 hostia,

233 3551 342 3610 Noster
366 3553 468 3610 chorus
489 3552 662 3625 indefessus,
848 3553 1007 3613 Crucifixus
1029 3560 1059 3610 et
1080 3554 1209 3626 sepultus

275 3637 373 3696 laudet
395 3643 425 3695 et
447 3639 585 3697 miracula
889 3638 988 3698 mundi
1010 3639 1081 3698 lauit
1101 3638 1228 3717 ommino,

235 3723 380 3785 creatoris
403 3729 430 3781 et
453 3724 577 3796 regentis
846 3725 1016 3784 Resurreuit
1039 3731 1068 3781 et
1090 3725 1221 3783 ascendit

277 3809 443 3883 angelorum
465 3810 589 3883 agmine.
890 3810 927 3869 ad
950 3810 1080 3883 polorum
1103 3811 1235 3875 culmina.

184 3914 212 3971 2.
236 3911 290 3982 Qui
313 3911 435 3970 redemit
457 3915 487 3969 et
509 3912 624 3971 reduxit
796 3916 826 3975 4.
850 3912 963 3971 Sanctis
986 3912 1045 3970 suis
1067 3912 1239 3984 praeelectis

278 3996 315 4054 ad
339 3997 411 4054 coeli
431 3997 541 4069 palatia
890 4002 1033 4071 potestate
1054 3998 1172 4070 tradita,

237 4080 324 4140 Suum
346 4082 458 4155 plasma
482 4084 699 4141 condemnatum
851 4082 1026 4155 Corporibus
1051 4100 1085 4141 ex
1105 4082 1232 4142 obsessis

280 4167 427 4226 voluntate
449 4169 576 4241 propria,
892 4166 1010 4241 sugendi
1034 4170 1190 4241 daemonia,

243 4252 407 4325 Serpentini
430 4269 493 4312 enm
516 4255 616 4313 veneni
854 4255 1042 4314 Plurimorum
1066 4253 1263 4314 defunctorum

279 4338 433 4412 assumpsit
455 4338 613 4400 mortifera.
894 4340 1051 4398 suscitandi
1075 4357 1204 4414 corpora.
