2918 4868
330 414 517 478 Responsoria.

155 515 184 574 1.
207 514 292 589 Ecce,
315 517 430 589 quidem
453 534 548 578 coram

248 607 277 659 te
301 603 401 675 psallit
423 605 521 663 concio
541 622 620 664 more

206 685 313 745 Nostra
334 688 396 746 Deo
418 706 496 763 vcro,

247 771 296 845 qni
318 777 356 846 te,
380 776 560 835 sanctissima
581 776 671 854 virgo,

205 857 310 933 Elegit,
336 860 419 919 nobis

247 949 279 1002 tu
301 946 430 1019 praemia
452 963 538 1021 posce
559 949 670 1023 salutis,

142 1027 175 1087 V.
202 1027 294 1087 Dulce
318 1033 404 1091 decus
427 1034 548 1106 patriae,

247 1112 298 1174 flos
321 1124 350 1175 et
371 1118 492 1178 victoria
513 1126 638 1184 nostrae.

153 1220 184 1280 2.
206 1217 365 1278 Laetentur
386 1221 485 1293 populi

246 1304 322 1362 tanti
344 1322 399 1378 pro
420 1322 538 1365 munere
561 1304 637 1386 iesti,

201 1390 263 1462 Quo
285 1397 382 1449 coetus
404 1392 500 1464 politti,

245 1491 346 1549 magno
366 1477 535 1548 jubilamine
557 1480 635 1551 laeti,

202 1559 387 1620 Gaudentio
412 1563 491 1622 coelo

245 1647 381 1706 comitatu
404 1649 522 1722 virginis
540 1655 641 1725 aucto;

139 1733 174 1793 V.
200 1731 286 1805 Ecce,
308 1733 370 1791 dies
392 1734 491 1792 rutilat

244 1817 326 1876 nobis
347 1820 510 1892 gratissima
533 1821 651 1882 cunctis.

149 1922 178 1980 3.
200 1920 223 1978 0
246 1936 329 1993 quam
355 1922 517 1995 praecipuis

245 2012 355 2079 martyr
376 2006 522 2066 laudanda
536 2009 698 2085 triumphis,

202 2089 384 2165 signipotens
406 2093 504 2165 sponsi

241 2176 380 2234 thalamos
403 2179 532 2252 ingressa
553 2181 680 2258 superni,

204 2261 323 2335 Protege
345 2279 396 2321 nos
419 2261 540 2323 famulos

244 2347 351 2405 cosso
374 2349 526 2423 musnet
547 2355 577 2409 a
597 2351 676 2429 auor,

137 2431 171 2493 V.
198 2432 259 2504 Quo
281 2432 334 2491 tibi
358 2435 488 2508 regnanti

242 2534 401 2578 mereamur
420 2521 451 2579 in
472 2522 589 2580 aethere
606 2522 699 2596 jungi.

355 2672 479 2723 Verbeia.

138 2776 187 2835 lu.
200 2773 288 2848 Virgo
311 2776 435 2853 Domini,

242 2867 362 2934 propter
383 2869 413 2920 te

161 2944 189 3003 b.
202 2946 310 3019 Quique
332 2949 480 3021 psallimus

239 3032 334 3104 bodie,

134 3136 186 3193 2a.
200 3133 289 3192 Beata
310 3141 359 3194 tua

240 3221 360 3293 pignora

198 3321 324 3366 munere.

160 3388 188 3450 b.
202 3390 348 3449 Habentes
372 3399 470 3451 nostra

241 3477 357 3536 condita

197 3563 315 3638 cespite,

145 3667 174 3727 3.
202 3662 316 3723 l'ideles
338 3684 435 3725 omnes
454 3675 540 3740 atque

237 3753 392 3811 clementer
413 3754 527 3816 exaudi.

280 3939 320 3997 ln
344 3940 545 4002 Laudibus.

323 4058 498 4123 Antiphonae.

145 4163 172 4220 l.
196 4162 354 4220 aethereas
378 4163 549 4221 venerabilis

238 4247 322 4319 inter,
346 4249 435 4321 virgo,
459 4249 577 4307 choreas

193 4334 288 4404 Atque
311 4333 426 4390 eborum
449 4334 641 4395 memorabilis

632 243 844 308 ,85-

863 423 939 482 inter
961 424 1205 505 Christicolarum,

823 508 921 568 Pande
940 511 997 568 tuis
1019 512 1155 585 precibus

862 595 945 654 nobis
967 597 1102 658 coelestia
1123 599 1243 674 magnis.

767 734 795 791 2.
817 732 962 805 Indigenis
986 731 1038 810 ier,
1063 735 1152 810 virgo,
1177 737 1235 796 tuis

863 819 1002 878 tutamina
1024 821 1144 894 cunctis,

818 903 878 976 Quo
903 906 1014 964 valeant
1037 906 1136 979 culpas

861 989 975 1063 penitus
998 990 1143 1064 depellere
1164 997 1240 1051 totas

815 1074 855 1133 Et
878 1074 961 1134 donis
983 1078 1071 1136 variis

860 1158 925 1220 inlti
946 1162 1101 1235 persistere
1123 1163 1203 1227 laeti.

764 1300 793 1359 3.
818 1298 923 1357 Nescia
943 1300 1022 1374 virgo
1041 1300 1106 1373 viri,

855 1384 984 1458 pulchris
1007 1385 1142 1446 redimita
1163 1387 1286 1460 coronis,

817 1471 908 1543 Cujus
930 1470 1060 1544 reliqniis

861 1557 931 1615 baec
952 1556 1022 1615 urbs
1043 1554 1167 1617 fatuatur
1181 1558 1313 1631 humatis,

815 1641 936 1700 Nostrae
959 1642 1027 1701 tolle
1049 1659 1150 1716 preces

858 1727 972 1786 Domini
994 1727 1149 1789 clementer
1167 1730 1205 1789 ad
1220 1745 1314 1795 aura.

752 1862 805 1926 ab.
821 1865 908 1938 Virgo
929 1881 1067 1939 sororque
1088 1866 1143 1925 Dei

856 1956 967 2025 martyr
989 1957 1125 2023 sponsata
1148 1953 1214 2023 diei,

814 2035 900 2107 cnjus
923 2036 952 2093 in
975 2036 1108 2109 amplexu

856 2120 1311 2195 Deusestsnperaetberanexus,

814 2205 957 2267 Subtrabe
979 2223 1030 2265 nos
1052 2208 1137 2266 morti

856 2308 990 2366 superum
1010 2293 1157 2367 jungendo
1180 2294 1300 2355 coborti.

762 2433 790 2490 4.
814 2428 837 2488 0
861 2429 938 2487 Deus
961 2429 1066 2487 excelsi

856 2522 954 2574 noster
975 2513 1133 2574 fabricator
1154 2517 1279 2592 Olympi,

812 2601 914 2661 Omnia
935 2601 984 2674 qni
1005 2601 1082 2660 solus

856 2685 1011 2757 benedicis,
1034 2687 1074 2745 sis
1096 2687 1263 2747 benedictus

812 2772 941 2830 Eulaliae
963 2773 1030 2846 quia
1051 2781 1168 2832 sanctae
1193 2775 1245 2832 das

854 2857 992 2917 solemnia
1011 2864 1135 2923 nostrae.

759 3003 787 3058 5.
810 2994 958 3055 Laudibus
970 2995 1105 3068 aeternis,

854 3098 914 3154 rex,
937 3081 985 3155 qni
1006 3081 1134 3140 laudaris
1156 3082 1185 3139 in
1205 3083 1280 3160 altis,

810 3167 929 3226 Sanetos
951 3166 1114 3226 sanctificas

853 3253 940 3311 nimia
961 3259 990 3311 et
1009 3253 1116 3312 virtute
1137 3267 1283 3332 perornes,

810 3341 935 3412 Jungere
956 3355 1007 3397 nos
1029 3338 1100 3411 ipsis

853 3441 908 3482 non
932 3425 1096 3498 dedigneris
1118 3424 1147 3482 in
1170 3425 1265 3483 astris.

912 3611 952 3661 Ad
971 3611 1136 3662 Benedictus.

745 3740 781 3796 A.
806 3736 875 3794 Post
896 3735 1008 3794 animae
1030 3751 1142 3794 sacrum

851 3819 944 3878 ielieis
967 3821 1003 3879 ad
1026 3825 1106 3879 astra
1126 3822 1251 3879 volatum

808 3907 934 3981 Virginis
956 3907 1114 3966 emunctae

848 4009 952 4066 corpus
975 3991 1106 4051 mirabile
1129 3991 1215 4050 valde

810 4078 910 4138 Noctis
931 4078 1120 4139 Christicolae

852 4165 1031 4224 modulantes
1053 4171 1182 4236 ternpore
1205 4169 1287 4220 cnuto

809 4250 962 4309 Marmoris
984 4252 1014 4308 in
1033 4251 1160 4310 clanstro

851 4343 1006 4409 posuerunt
1025 4336 1133 4409 cespite
1155 4331 1242 4393 fosso.
