2918 4868
629 240 841 304 ..33-

141 418 172 476 3.
197 414 324 487 Cumque
346 414 444 484 plures
467 413 613 473 docuisset
762 417 790 473 4.
816 413 915 472 Gloria
937 422 964 472 et
989 416 1079 473 honor
1102 416 1162 474 Doo

240 499 373 573 primitus
395 499 425 556 in
447 496 559 570 Africa,
857 516 1002 572 usquequo
1024 501 1171 576 altissimo,

198 585 358 645 Oratoriam
382 585 519 643 docturus
817 587 882 646 Una
903 586 980 656 patri
1002 585 1119 658 tilioqne

240 671 358 729 Romam
380 686 492 742 quoqne
515 671 639 749 navigat,
856 669 956 727 inclito
978 671 1128 743 paraclito,

199 757 240 816 Ut
262 754 421 814 doctrinam
444 756 517 813 tanti
540 756 595 814 viri
814 755 866 814 Cui
889 756 951 813 laus
974 757 1012 813 sit
1034 762 1063 813 et
1085 763 1212 828 potestas

240 840 341 914 probet
365 845 394 897 et
411 841 506 900 ltalia.
845 856 898 913 per
920 847 1039 899 aeterna
1061 842 1185 901 saecula.

213 961 289 1009 Brev.
314 975 362 1008 ms.
386 960 499 1009 Vieonse
524 973 592 1008 saue.
614 956 652 1009 14.
683 957 746 1008 Cod.
771 957 856 1022 Capit.
874 959 966 1008 Vicen.
987 958 1053 1009 cvl.
1073 961 1103 1008 Α.
1127 985 1160 994 -
1179 962 1254 1010 Brev.
1278 976 1324 1010 rnre.

141 1029 349 1147 gffiuisgffeg
372 1024 411 1077 14.
430 1026 493 1077 God.
512 1028 598 1091 Capit
616 1027 708 1077 Vieen.
726 1027 822 1078 CVIII.
842 1029 870 1077 B.
890 1053 922 1060 -
941 1029 1017 1078 Brev.
1035 1029 1149 1079 Vieense
1168 1031 1232 1093 imp.
1252 1031 1323 1094 laug-

519 1277 570 1336 112.
606 1279 644 1335 lle
662 1283 760 1337 sancto
778 1278 942 1350 Augustino.

620 1401 664 1455 ad
681 1401 853 1456 Nocturnum.

146 1529 174 1586 1.
199 1526 331 1585 Caesaris
353 1543 474 1599 nemque
496 1532 661 1599 praecepto,
763 1528 790 1586 3.
815 1524 940 1598 Spiritus
961 1526 1054 1587 saneti
1076 1532 1192 1585 renatus

244 1612 328 1670 Immo
350 1617 421 1671 nntu
442 1611 556 1670 Domini
856 1617 885 1667 et
903 1612 1029 1684 repletus
1051 1612 1143 1684 gratia

200 1695 387 1756 Transfertur
406 1697 602 1757 Mediolanum
818 1696 955 1756 Omnibus
978 1697 1085 1755 saeculi
1106 1700 1219 1771 pompis

244 1783 325 1856 quasi
342 1784 440 1842 rhetor
461 1783 585 1856 optimus
857 1783 953 1841 statim
976 1783 1168 1855 abrenuntiat,

200 1868 249 1928 Ad
272 1868 381 1941 urbem,
405 1869 450 1926 cai
472 1867 656 1940 praesidebat
816 1868 860 1926 Ne
883 1868 952 1940 quid
974 1868 1099 1926 animum
1123 1868 1256 1927 devotum

242 1954 377 2014 sacerdos
399 1953 577 2013 Ambrosias.
857 1959 1001 2012 terrenum
1025 1955 1204 2027 praepediat.

145 2061 177 2118 2.
201 2056 295 2130 Igitur
317 2056 510 2116 catechizatus
762 2058 791 2116 4.
813 2056 882 2114 Mox
905 2055 934 2112 ia
957 2053 1087 2114 Africam
1111 2072 1256 2130 regressus

243 2158 297 2214 per
318 2148 427 2201 tantum
449 2142 606 2201 antistitem
857 2141 1008 2199 ordinatur
1028 2141 1191 2214 presbyter,

200 2227 356 2287 liberatur
376 2227 414 2286 ab
435 2243 541 2300 erroro,
817 2226 926 2285 Cuncta
948 2242 1058 2284 mamm
1081 2234 1110 2283 et
1133 2227 1281 2287 doctrinae

245 2313 358 2371 levatur
379 2314 560 2386 baptismate,
857 2312 1069 2370 circumlustrat
1091 2312 1205 2386 lumtne,

198 2398 371 2472 Diligentius
393 2400 549 2456 instructus
814 2397 884 2455 Cum
907 2397 1076 2470 quibusdam
1100 2397 1140 2455 ibi
1159 2399 1267 2470 junctis

241 2482 381 2543 catholico
405 2483 545 2557 dogmate.
857 2483 955 2541 vinens
977 2482 1144 2555 apostolice.
1285 2491 1289 2495 ’

546 2591 574 2647 5.
600 2586 700 2644 Gloria
722 2591 750 2642 et
774 2585 864 2643 honor
887 2585 956 2644 Deo.

214 2707 290 2755 Brev.
317 2721 364 2754 ms.
387 2706 499 2755 Vicense
521 2721 589 2755 saec.
616 2701 654 2754 14.
679 2703 742 2753 Cod.
769 2702 855 2768 Capit.
872 2705 965 2753 Vieen.
983 2704 1051 2754 CVI.
1070 2705 1099 2753 Α.
1124 2730 1157 2739 -
1176 2707 1251 2755 Brev.
1276 2722 1323 2756 ms.

139 2777 352 2895 ἔζῃοῗυῗὲὅὲαεῖ
374 2770 413 2825 14.
433 2774 498 2824 Cod.
516 2774 601 2838 Cupit.
620 2774 712 2823 Vicen.
730 2771 826 2822 CVIII.
844 2773 873 2822 Β.
896 2799 922 2806 -
944 2775 1019 2822 Brev.
1037 2774 1151 2823 Vieense
1174 2775 1235 2840 imp.
1254 2775 1323 2842 Lug·

527 3023 575 3080 tta.
605 3025 644 3081 lle
662 3029 762 3080 sanctu
780 3021 945 3095 Augustino.

644 3144 687 3198 Ad
704 3143 818 3199 Laudes.

144 3273 173 3331 1.
198 3271 350 3343 Aliquanti
372 3277 437 3343 post
461 3271 559 3342 elapso
760 3271 789 3330 3.
813 3269 911 3327 Tertio
933 3269 1091 3327 obsidionis

239 3356 378 3428 temporis
401 3358 544 3415 curriculo
855 3370 951 3413 intense
974 3353 1056 3412 febre
1079 3354 1232 3426 decubans,

195 3440 327 3500 Africum
349 3441 456 3514 triplex
479 3441 607 3514 pervasit
813 3440 949 3498 Transito
971 3439 1054 3498 beato
1077 3438 1192 3498 functus

240 3526 428 3586 barbarorum
449 3526 537 3598 natio,
835 3525 948 3585 *laetus
973 3525 1067 3584 coelos
1089 3531 1217 3599 superat,

196 3614 298 3687 Ferro,
321 3610 443 3670 hamanis
455 3619 557 3671 cuncta
572 3613 707 3688 perdens,
813 3612 933 3670 lntimus
954 3610 1009 3670 Dei
1031 3612 1138 3670 amicus

241 3697 298 3756 tide
320 3694 421 3757 favens
443 3697 540 3756 Arrio.
855 3698 918 3770 ipso
940 3713 1016 3755 nunc
1037 3696 1187 3770 tripudiat.

142 3805 174 3864 2.
199 3800 309 3860 Videas
332 3816 400 3873 ergo
421 3800 520 3858 urborn
543 3818 622 3859 suam
760 3805 788 3860 4.
813 3800 974 3859 Debellatis
993 3815 1197 3873 usquequaque

241 3884 371 3944 hostibus
394 3887 599 3945 circumdatam
856 3885 986 3943 veritatis
1009 3884 1137 3944 hostibus

196 3970 364 4031 LacrImosa
385 3971 478 4031 Deum
500 3988 586 4046 prece
813 3971 899 4030 Miles
922 3971 977 4029 Dei
997 3971 1136 4044 gloriosus

242 4055 404 4115 indefessus
427 4058 561 4130 postulat,
858 4057 1037 4129 triumphans
1059 4057 1202 4130 eximitur,

201 4142 241 4203 Ut
262 4142 298 4200 ab
320 4142 375 4201 hae
397 4159 428 4200 se
450 4142 599 4202 miseratus
813 4143 901 4214 Apud
923 4158 1006 4214 quom
1028 4143 1110 4200 nobis
1132 4151 1268 4216 patronus

240 4228 303 4286 luee
320 4228 381 4301 jann
403 4227 533 4301 recipiat.
857 4243 961 4300 perpes
983 4227 1030 4301 sit,
1054 4228 1242 4300 deposcimus.

546 4335 574 4392 5.
598 4330 699 4390 Gloria
719 4337 749 4388 et
769 4331 861 4389 honor
882 4329 953 4389 Deo.

1130 4425 1167 4478 6*
