2918 4868
628 278 838 342 ..95-

138 454 168 511 5.
195 451 280 511 Unde
303 453 411 510 nullum
434 453 580 511 oraculum
756 455 784 514 6.
810 453 1037 523 Bartholomaee,
1061 453 1194 511 incendia

195 535 292 595 Dabat
313 537 372 595 suis
394 537 529 610 precibus
810 540 872 596 Tua
894 545 1026 611 potenter
1048 555 1170 609 remove,

194 622 259 681 dum
282 623 402 699 magnis,
422 623 528 682 clamat
549 624 692 681 saeculum
813 624 857 683 Sit
879 630 978 681 nostru
1003 630 1052 681 tua
1075 624 1168 695 India,

196 707 290 767 Celeri
312 708 364 766 sed
386 709 557 782 mugitibus:
811 708 915 768 Servos
934 710 993 780 jam
1017 709 1073 767 ista
1096 707 1223 770 confove.

528 813 555 872 7.
582 812 637 872 Uni
661 811 783 869 Dect
745 812 783 869 sit
804 813 946 885 gaudium.

211 930 287 978 Brev.
311 929 551 995 Compoatellanum
578 944 645 978 aare.
679 926 718 978 15.
741 929 804 979 Cod
827 931 911 995 Capit
937 929 999 978 (lom
1002 929 1104 994 postoli.
1131 946 1152 980 a.
1180 947 1205 979 ιι.
1231 931 1260 980 Α.
1290 957 1320 964 -

141 997 218 1047 Brev
250 991 491 1062 Compootellanum
522 999 582 1062 imp.
606 997 762 1063 Ulisiponae
795 995 866 1047 1497.
891 1000 979 1046 13.-
1007 1001 1080 1049 lirev
1103 999 1231 1050 Aurienae
1260 1002 1322 1064 imp

141 1065 320 1116 salmanticae
343 1064 416 1116 1501
434 1069 512 1114 1).·-
539 1063 560 1124 l,
578 1062 678 1116 2uuro
696 1066 808 1116 rutilans
826 1068 932 1116 ΑΒ.-
951 1064 975 1128 2,
997 1065 1035 1116 1
1024 1083 1080 1132 Jam
1098 1067 1164 1118 fehlt
1182 1069 1239 1130 Bc,
1258 1067 1322 1118 lidea

142 1133 310 1184 1111111-
327 1131 359 1194 8,
377 1132 497 1185 4Deum
515 1150 594 1200 quam
612 1134 739 1199 aopodere
758 1134 814 1196 AB,
841 1136 925 1185 Deum
945 1136 1141 1201 quasaoC-
1107 1134 1182 1199 -4,
1201 1132 1322 1201 301111-

142 1203 334 1267 queABC.-
352 1171 375 1267 5,
394 1201 411 1252 2
429 1203 494 1253 fehlt
511 1202 668 1265 eineSilbe3
687 1203 736 1253 lica
749 1205 983 1268 precantibual—
1003 1203 1027 1266 5,
1045 1201 1321 1306 Selamateaceulum

143 1271 174 1333 Α,
193 1271 422 1322 fueculnmR-
441 1270 464 1332 5,
483 1270 584 1322 dssleri
602 1271 648 1324 sed
667 1268 812 1339 mugitibus
833 1273 861 1322 0.

524 1509 577 1566 137.
614 1511 651 1567 lla
669 1512 766 1568 saneto
785 1508 941 1568 Benedicta

592 1650 634 1704 Aul
653 1652 732 1721 Vesp.
751 1657 779 1706 et
797 1651 874 1704 Noct

149 1790 179 1853 1.
202 1789 396 1847 Benedictum·
410 1792 612 1850 monachorum
761 1795 791 1854 4.
816 1791 888 1850 Nam
912 1792 1062 1867 praedicit,
1087 1792 1155 1865 quid
1179 1791 1304 1851 futurum

245 1875 402 1934 veneretur
424 1877 522 1935 concio
859 1877 949 1937 Feret
972 1878 1031 1951 regi
1053 1878 1174 1949 Totilae,

200 1960 240 2019 Et
261 1960 291 2018 iu
314 1968 397 2033 patre
418 1961 540 2020 liliorum
816 1963 946 2021 lntuetur
967 1980 1016 2021 cor
1036 1963 1188 2022 obseumm

246 2048 402 2106 decrescat
424 2047 547 2126 devotio,
857 2048 897 2106 Et
918 2047 1165 2120 inperserutabile,

200 2131 262 2202 Quo
284 2133 375 2190 erevit
394 2132 424 2190 in
446 2133 493 2191 ria
515 2151 623 2192 morum
819 2134 972 2192 Praevidet
995 2149 1026 2191 se
1048 2134 1215 2191 moritumm

242 2216 349 2275 Sancte
368 2220 555 2278 conversatio.
858 2219 983 2292 Tempus
1004 2220 1120 2291 signans
1142 2219 1238 2278 labile.

148 2323 177 2380 2.
202 2319 299 2378 Sacris
322 2319 414 2377 literis
437 2321 562 2380 imbutus
763 2327 790 2383 5.
814 2322 867 2380 Via
888 2319 972 2380 fratri
995 2321 1139 2379 revelatur

245 2405 328 2464 Statu
350 2405 491 2478 pueritiae
859 2407 999 2465 Corrurca
1021 2405 1210 2479 lampadibus,

202 2489 270 2548 Vias
293 2497 405 2563 patrum
428 2498 471 2548 est
493 2500 607 2550 secutus
816 2493 877 2563 Qua
897 2492 941 2551 vir
963 2498 1078 2550 sanctus
1102 2492 1273 2564 deportatur

248 2575 330 2634 Dono
352 2577 520 2648 sapientiae,
859 2579 885 2635 A
907 2578 1039 2650 supernis
1062 2576 1172 2635 civibus

201 2661 272 2719 Post
292 2680 310 2720 a
331 2662 393 2721 Deo
416 2663 585 2721 constitutus
817 2662 856 2720 Et
877 2662 908 2720 1ιι
930 2664 1009 2721 coelo
1032 2662 1189 2721 collocatur

247 2747 383 2805 Praeesse
407 2746 542 2806 familiae.
859 2749 928 2806 Cum
952 2749 1067 2807 summis
1089 2748 1275 2821 principibus.

147 2851 178 2909 3.
200 2846 307 2907 Servus
330 2849 457 2922 prudeus
480 2857 508 2907 et
530 2849 625 2908 tidelis
763 2854 792 2911 6.
816 2850 887 2923 Regi
910 2866 1007 2925 regum
1030 2850 1183 2910 immortali

245 2935 279 2994 ln
300 2935 445 2994 lucernam
468 2936 585 3009 positus,
859 2936 967 3008 Honor,
991 2938 1062 3009 laus,
1084 2936 1245 3009 imperium,

205 3017 289 3078 Vitae
310 3020 381 3079 Liae
394 3021 448 3079 *vel
472 3021 607 3081 Rachelis
816 3021 871 3092 Qui
894 3022 943 3080 det
965 3022 1047 3080 nobie
1069 3022 1141 3081 tanti
1165 3021 1231 3080 mali

244 3104 418 3164 Alternatim
442 3107 565 3178 deditae,
862 3107 983 3165 Vincere
1003 3105 1191 3180 naufragium,

202 3191 291 3264 Quem
314 3199 434 3250 exornat
456 3192 595 3251 Samuelis
818 3191 859 3250 Ut
882 3207 945 3249 eum
968 3193 1064 3266 palma
1085 3192 1251 3264 triumphali

248 3275 430 3350 Pmphetalis
453 3278 582 3351 spiritus.
862 3277 954 3334 Detur
976 3278 1059 3335 nobis
1082 3277 1246 3350 pmemium.

219 3394 296 3443 Brer.
314 3410 362 3444 ms.
376 3395 402 3446 S.
416 3394 551 3445 Benedicti
565 3395 748 3445 Valliaoletaui
768 3410 835 3444 saec.
857 3391 896 3444 14.
910 3395 1199 3446 cou.soorialen.1³11.
1215 3392 1235 3443 l.
1249 3396 1280 3443 Α.
1295 3423 1326 3429 -

146 3463 225 3512 Brev.
248 3462 275 3513 S.
300 3463 435 3514 Benedicti
461 3464 636 3514 Valiaoletaui
664 3466 727 3528 imp.
751 3464 892 3514 Vuliaoleti
922 3459 993 3514 1538.
1020 3465 1047 3514 Β.
1071 3492 1102 3501 -
1129 3464 1180 3513 Str.
1205 3460 1271 3512 1-4
1294 3461 1328 3512 nd

146 3532 287 3595 vesperae,
306 3529 322 3581 5
340 3532 374 3583 ad
392 3534 468 3583 Noet.

531 3748 587 3806 138.
622 3749 660 3805 llo
680 3750 778 3806 saneto
802 3746 954 3805 Benedicta.

481 3893 619 3952 Conditor
642 3908 735 3950 rerum
758 3892 891 3962 omnium,
916 3891 1002 3962 Deua,

481 3978 567 4036 liucis
589 3977 678 4051 origo,
702 3977 815 4035 luminis
838 3976 965 4048 verbum,

483 4064 660 4136 Redemptor
681 4062 769 4134 orbis,
794 4060 856 4119 ione
879 4062 1046 4138 animarum,

483 4150 587 4208 Pastor
608 4155 749 4226 aeterum,
772 4147 979 4209 immaculatus

217 4268 293 4318 Brev.
319 4283 366 4317 mu.
389 4268 563 4332 Hispanicum
588 4282 656 4316 auec.
676 4262 742 4314 111ιι.
766 4265 830 4315 cod.
853 4264 998 4314 Londinen.
1018 4264 1082 4313 Add.
1105 4261 1246 4315 311845.-
1248 4261 1331 4310 -Der

145 4336 219 4388 volle
241 4337 310 4386 'l'ext
332 4351 380 4386 aua
403 4336 470 4385 eben
492 4335 579 4385 dieser
604 4334 698 4396 Quelle
721 4333 791 4384 ateht
815 4333 889 4382 Auel.
910 4333 975 4396 llll,
999 4330 1042 4382 86.
1079 4334 1141 4382 Diea
1163 4332 1272 4380 Brevier
1295 4329 1332 4377 iat

148 4405 317 4472 keiueawega
335 4402 552 4455 Momabiaclreu
569 4405 654 4455 Ritua.
