2918 4868
614 263 826 327 ...53-

143 441 171 502 3.
194 437 297 496 Fidem
319 453 421 511 gerens
444 437 472 495 in
495 444 612 511 pectore

238 524 388 583 Trinitatis
411 522 540 583 vivificae

280 611 412 668 amatrix
442 610 544 668 summi
566 611 650 687 regis,

195 696 299 754 Aulam
322 693 428 754 factam
449 696 479 754 in
502 702 632 768 tempore

238 783 449 853 Interpretatur
471 782 592 856 mystice

281 866 415 926 Vinciens
437 884 528 927 novae
549 866 630 940 legis.

758 440 787 499 3.
810 438 885 496 Dum
908 445 992 511 pater
1013 439 1087 497 hanc
1108 437 1300 512 persequitur,

851 524 958 583 Latens
982 524 1032 583 dat
1053 524 1145 582 locuur
1169 524 1229 581 irae

809 609 849 667 Et
871 610 924 668 sub
947 625 1018 684 rupe
1040 609 1226 669 absconditur

853 696 979 754 Cernens
1001 696 1077 754 huuc
1097 695 1235 765 insanire,

810 780 868 839 Sed
890 798 908 839 a
929 786 1045 855 pastore
1067 780 1201 854 proditur

851 867 969 924 Rustico
988 867 1091 924 mentis
1114 865 1204 930 dirae.

132 955 167 1014 v.
195 952 339 1012 Christum
359 953 421 1012 vult
436 959 540 1024 mente,
564 967 694 1027 corpore,
745 949 780 1011 V.
814 952 926 1024 Pastor,
949 968 1020 1025 grex
1042 951 1233 1021 maledicitur,

239 1037 332 1110 lluJus
354 1038 479 1111 pastoris
500 1038 584 1096 unice

282 1122 349 1183 Vult
372 1139 435 1182 esse
457 1140 574 1182 consors
589 1124 693 1197 gregis.

252 1329 294 1388 ln
318 1333 347 1392 2.
368 1331 573 1393 Nocturna.

323 1468 499 1529 antiphonae.

142 1591 170 1651 1.
194 1590 293 1649 Gemit
313 1591 405 1663 patris
427 1590 576 1664 palatium,

233 1677 315 1747 Quod
334 1677 421 1747 jussit
443 1674 596 1746 fabricare,

195 1765 256 1822 Deo
279 1763 374 1820 cordis
396 1761 551 1834 hospitium

231 1849 382 1922 Exoptans
403 1864 587 1921 praeparare.

141 1970 171 2027 2.
194 1969 317 2027 Ternam
341 1967 497 2027 fenestram
520 1969 609 2027 sociat

239 2054 356 2112 Duabus
379 2052 538 2124 fabricatis,

194 2139 255 2210 Quo
281 2137 421 2199 finnatam
444 2155 475 2197 se
497 2140 609 2199 nuntiat

237 2226 271 2283 lu
293 2224 351 2284 fide
374 2225 521 2288 trinitatis.
581 2239 583 2243 ’

145 2349 174 2405 3.
199 2348 296 2417 Aquas
317 2345 465 2420 quaerenti
487 2346 596 2419 gratiae

238 2431 272 2489 ln
293 2432 370 2491 sicco
391 2430 558 2490 balneorum

194 2516 253 2575 Dat
275 2519 311 2577 de
332 2519 409 2577 sicca
431 2518 536 2577 duritie

238 2606 335 2678 Aquas
357 2604 435 2662 Deus
459 2604 585 2665 deorum.

322 2760 509 2824 Responsoria

143 2880 171 2941 1.
196 2880 283 2954 Virgo
303 2897 386 2940 sacra
409 2880 555 2940 desiderat

239 2967 384 3039 Quaedam
406 2966 570 3026 subintrans
592 2965 695 3027 balnea

280 3053 428 3115 Lationem
455 3052 566 3126 salutis,

197 3141 229 3198 ln
253 3138 355 3211 quibua
378 3155 451 3211 aqua
475 3139 583 3211 deerat,

237 3223 282 3281 De
303 3224 432 3281 siccitate
454 3240 541 3283 saxea

280 3309 400 3368 Fontem
423 3308 474 3367 dat
495 3326 547 3367 rex
562 3310 694 3385 virtutis3

132 3395 167 3453 V.
200 3394 299 3465 lavat,
325 3410 409 3467 quam
432 3393 509 3453 intus
531 3396 650 3473 laverat,

237 3480 318 3539 Dans
348 3495 448 3538 munus
470 3497 558 3554 super
579 3481 696 3540 aethera

281 3566 399 3638 stolam,
414 3582 497 3638 quam
514 3567 565 3626 dat
578 3566 694 3626 ablutis.

144 3691 171 3748 2.
196 3687 286 3758 Quam
309 3693 424 3747 sanctus
445 3689 529 3747 docet
550 3687 679 3765 spiritus,

238 3774 271 3831 In
294 3774 431 3832 trinitatis
453 3775 566 3834 nomine

281 3860 314 3917 ln
336 3859 419 3933 aquis
444 3875 475 3917 se
496 3860 681 3935 submergens

198 3945 276 4004 llaec
298 3946 470 4005 emundatur
492 3947 615 4019 penitas,

240 4032 274 4090 ln
297 4032 352 4090 hoc
372 4030 507 4105 baptismi
530 4031 645 4091 flumine

853 1039 892 1096 In
911 1038 1011 1097 duram
1033 1044 1146 1111 petram
1168 1037 1291 1095 vertitur

895 1123 974 1182 Nutu
997 1122 1111 1182 uirtutis
1132 1122 1230 1180 mirae.

862 1294 903 1352 ln
927 1297 956 1354 3.
980 1275 1189 1357 Nocturna

942 1412 1118 1477 Antiphonae.

758 1513 785 1572 1.
809 1514 912 1572 Pastor
934 1514 1028 1589 tagam
1053 1517 1208 1590 virgineam

851 1599 1017 1659 Monstrans
1028 1601 1064 1660 ob
1076 1607 1199 1660 mentem
1208 1603 1308 1662 duram

809 1684 983 1745 Maledictus
1004 1704 1192 1748 marmoream

851 1772 958 1831 Versus
980 1779 1024 1831 est
1046 1775 1075 1831 in
1098 1781 1240 1834 naturam.

756 1876 784 1933 2.
809 1875 842 1932 ln
865 1875 920 1946 liis,
943 1874 1086 1948 baptismo
1108 1875 1230 1937 flaminis

849 1961 928 2033 Quae
949 1961 1032 2033 prius
1055 1970 1117 2021 erat
1138 1963 1207 2035 lota,

808 2043 987 2118 Baptismum
1009 2049 1129 2121 sumpsit
1151 2047 1285 2125 fluminis,
1360 2057 1362 2061 ’

851 2131 893 2192 Ut
914 2138 989 2190 esset
1010 2134 1117 2193 munda
1139 2140 1209 2195 tota.

756 2233 785 2295 8.
808 2231 849 2291 Ut
872 2232 947 2292 hanc
971 2234 1000 2293 iu
1024 2235 1168 2295 Christum
1190 2238 1308 2295 credere

850 2318 962 2378 Furens
984 2327 1069 2393 pater
1090 2322 1210 2400 audivit,

809 2405 856 2464 nd
874 2405 1110 2480 exstinguendum
1132 2408 1250 2467 vulnero

851 2491 1010 2550 Vadentem
1030 2493 1181 2566 impetivit.

932 2628 1120 2692 Respomoria.

757 2729 784 2791 1.
808 2729 879 2787 Cum
901 2730 940 2788 sit
960 2748 1078 2804 prorsus
1098 2740 1233 2805 superata

852 2816 957 2876 Rabies
979 2817 1140 2891 barbarica,

808 2899 874 2959 Jarn
897 2904 1039 2962 sententia
1062 2903 1170 2963 dictata

849 2987 969 3046 Praeses
991 3004 1062 3048 voce
1083 2989 1214 3061 publica:

809 3072 879 3131 Mox
901 3073 948 3143 sit,
971 3074 1071 3146 inquit,
1095 3074 1237 3134 decollata

852 3157 982 3217 Barbara
1002 3158 1139 3218 malefica.

745 3244 780 3306 V.
813 3245 900 3303 Pater
921 3259 1021 3302 caecus
1044 3250 1139 3302 mente
1160 3251 1259 3304 vectus

852 3328 943 3387 Rabie
965 3328 1087 3388 mirifica

810 3414 916 3472 Ensem
939 3415 1026 3489 capit,
1050 3421 1137 3488 caput
1157 3415 1233 3488 rapit

851 3500 942 3558 Manu
963 3500 1115 3564 diabolica.

761 3605 791 3663 2.
813 3603 929 3661 Adsunt
951 3619 1049 3663 carcer
1071 3610 1100 3662 et
1120 3608 1271 3679 tormenta,

853 3689 1035 3763 Fermgines,
1057 3690 1188 3763 verbera,

811 3773 858 3833 Ad
879 3791 1034 3846 poenarum
1057 3782 1224 3850 argumenta

851 3859 1069 3920 abscinduntur
1092 3860 1191 3935 ubera,

812 3944 869 4006 Sed
891 3946 978 4018 plena
997 3947 1207 4006 medicamenta

853 4031 943 4090 Dedit
965 4031 1074 4091 Christi
1097 4032 1224 4094 dextera.

281 4116 387 4176 Sordes
410 4134 507 4176 omnes
527 4119 693 4194 detergens;
748 4117 782 4179 V.
812 4117 941 4177 Barbara
963 4117 1077 4177 Christo
1099 4119 1210 4177 intenta

133 4199 167 4258 V.
196 4201 332 4276 Exsurgit
354 4203 422 4261 inde
445 4203 564 4264 coelitus

239 4287 374 4346 Lustrata
396 4289 451 4347 Dei
473 4289 578 4347 lumine

282 4375 329 4432 An
352 4375 456 4435 altiora
477 4391 608 4450 pergens.

852 4203 985 4276 Quaeque
1006 4202 1117 4277 perfert
1138 4219 1251 4280 aspera,

810 4290 878 4348 Post
900 4289 999 4347 mundi
1021 4290 1214 4348 cruciamenta

854 4373 934 4435 Coeli
955 4381 1125 4448 exspectans
1147 4389 1272 4436 munera.
