2918 4868
630 288 862 353 -132-

160 468 190 526 3.
210 464 267 524 Hic
288 482 342 538 pro
364 463 473 526 Christi
496 463 615 539 collegio
774 464 804 524 4.
826 463 911 522 Mens
933 463 977 521 illi
999 460 1054 519 init
1075 462 1214 536 angelica,

213 550 353 609 Militarit
374 551 403 609 in
426 549 496 622 acie,
829 547 938 622 Lingua
961 545 1056 606 fructu
1078 547 1256 610 suavissima.

213 636 297 694 Nunc
320 637 487 708 conjunctus
508 639 552 693 est
573 635 679 709 agmini
830 634 951 707 Vituque
972 633 1131 706 apostolica

215 721 389 781 Coelicolum
411 721 540 781 militiae,
827 720 908 779 Mors
931 719 1059 778 cruciatu
1079 719 1189 777 inclita.

519 827 547 885 5.
571 823 659 882 Trino
681 823 744 882 Deo
766 829 794 880 et
816 821 949 895 simplici.

228 941 345 1006 Tamayo
370 941 387 992 l.
405 958 428 991 e.
446 937 505 992 320.
522 968 556 976 —
574 937 602 1001 2,
623 937 636 990 l
655 941 805 992 Formerius
823 942 851 989 iu
871 939 1046 1006 Cappadocia.
1065 966 1097 975 -
1115 937 1144 997 4,
1169 935 1185 988 3
1203 939 1266 986 Vita
1283 938 1336 987 fere

157 1010 316 1077 apostolica,
341 1025 395 1060 was
419 1010 487 1060 uach
512 1011 585 1060 einer
608 1009 802 1060 aeinsollenden
823 1009 1021 1073 Verbesserung
1044 1007 1185 1058 schmeckt
1209 1034 1241 1041 —
1266 1004 1296 1058 4.
1319 1003 1337 1055 4

160 1079 233 1129 Mars
250 1079 412 1129 cruciatibus
429 1078 530 1128 inclita.

537 1244 597 1301 202.
633 1244 672 1301 lle
689 1246 787 1301 sanctu
804 1242 956 1301 lurmeric.

629 1362 673 1417 Ad
689 1363 862 1419 Noctumum.

159 1494 187 1555 1.
211 1490 352 1562 Formeri‚
374 1494 486 1564 martyr
508 1489 606 1549 inclite
772 1494 802 1552 3.
825 1490 923 1564 Ignem
946 1491 1036 1548 intrat
1057 1489 1233 1564 Formerins‚

211 1576 311 1650 Tuque
333 1583 496 1635 sauctorum
518 1575 618 1649 gloria,
826 1575 934 1634 Christi
955 1581 1066 1649 martyr
1087 1574 1216 1645 eximius,

211 1661 255 1720 Tu
278 1662 431 1720 sanctitate
453 1659 594 1734 praedite,
825 1661 874 1719 Fit
896 1661 970 1735 ignis
993 1661 1071 1720 velut
1091 1660 1175 1720 arida

213 1747 316 1818 Verbo,
339 1746 429 1821 signis
449 1753 479 1804 et
500 1747 603 1820 gratia,
826 1749 929 1806 Prater
950 1762 1056 1804 morem
1079 1743 1232 1804 infervida.

160 1851 190 1910 2.
214 1849 321 1908 iterato
344 1848 503 1907 retruditur
774 1852 803 1911 4.
826 1849 947 1908 Scandit
969 1849 1062 1907 coelos
1084 1847 1257 1921 Famulus,

212 1935 350 2008 Idemque
371 1940 438 2008 post
459 1935 606 1994 reducitur
827 1935 936 1993 Ductor
958 1942 985 1992 et
1008 1938 1119 2007 martyr
1140 1933 1264 2009 inclitus,

212 2020 253 2080 Et
275 2020 373 2094 stipite
393 2019 578 2093 suspenditur
828 2021 898 2080 Oret
919 2037 972 2093 pro
994 2018 1076 2078 nobis
1098 2018 1238 2089 omnibns,

212 2106 418 2179 Acerrimeque
441 2106 579 2167 caeditur.
827 2108 986 2180 Jnugamur
1007 2105 1080 2163 coeli
1102 2103 1221 2163 civibus.

516 2210 544 2269 5.
568 2207 658 2266 Trina
680 2207 742 2267 Deo
764 2213 793 2266 et
814 2207 947 2281 simplici.

225 2327 343 2390 Tarnayo
360 2325 380 2377 1.
397 2341 420 2377 c
437 2322 496 2378 320.
515 2355 548 2364 —
565 2321 590 2388 4,
608 2322 625 2377 3
642 2325 681 2378 Ut
698 2329 762 2378 oret

536 2490 598 2548 208.
633 2489 672 2548 lle
690 2492 786 2548 sancte
804 2490 953 2548 lermerin.

629 2610 702 2665 1112.
723 2612 855 2681 Vesperis.

161 2737 188 2798 1.
212 2734 374 2793 Laudemus
396 2750 470 2793 nnnc
493 2735 522 2792 in
547 2735 681 2807 Vesperis
776 2739 805 2800 3.
828 2737 943 2809 Martyr
965 2738 1096 2798 Formeri
1119 2737 1233 2807 nobilis,

214 2819 318 2878 Omnes
342 2825 471 2877 sanctmn
491 2820 678 2899 Formerium,
828 2823 896 2880 'l'uis
919 2821 1016 2881 faveto
1038 2822 1152 2881 famulis

215 2906 285 2965 tum
307 2905 345 2962 sit
368 2905 470 2978 dignus
492 2905 657 2980 honoribus,
827 2908 923 2968 Fideli
945 2910 1115 2981 patrocinia,

213 2989 325 3064 Regnat
347 2991 460 3063 quidem
484 3007 546 3049 eum
569 2991 689 3064 superis.
826 2995 941 3054 Summo
965 2992 1011 3052 fac
1033 2995 1133 3068 dignos
1156 2995 1291 3066 praemio.

161 3094 191 3152 2.
213 3091 348 3151 laudans
370 3090 507 3152 factorem
530 3111 620 3170 suum,
777 3100 808 3157 4.
831 3097 921 3155 Trina
943 3097 1005 3155 Dee
1029 3107 1057 3154 et
1079 3097 1202 3170 simplici

214 3176 318 3251 Septns
341 3178 435 3237 choris
455 3180 601 3253 angelicis,
827 3183 912 3259 Laus,
938 3182 1037 3249 honor,
1062 3183 1162 3258 virtus,
1186 3183 1286 3258 gloria,

213 3261 349 3322 Sanctum
372 3265 466 3323 emisit
487 3265 630 3338 spiritum,
828 3268 880 3338 Qui
903 3284 955 3326 nes
978 3284 1064 3340 prece
1087 3268 1229 3328 Fermerii

212 3349 267 3422 Qui
290 3349 405 3410 ducitur
427 3350 456 3408 iu
479 3351 605 3410 aethera.
831 3353 924 3411 Ducat
945 3355 983 3412 ad
1007 3355 1077 3412 coeli
1101 3354 1213 3426 gandia.

228 3467 347 3530 Tamayn
370 3467 389 3517 l.
412 3483 433 3517 c.
459 3464 510 3518 320
533 3484 559 3517 u.
584 3467 601 3517 f.
626 3496 658 3505 -
682 3465 711 3531 2,
739 3466 752 3519 1
776 3470 934 3533 verdorben3
962 3470 1027 3520 lies:
1055 3471 1179 3520 factorem
1204 3471 1339 3520 omnium?

161 3534 226 3584 oder
243 3534 388 3587 Laudando
400 3536 526 3587 faetorem
545 3539 640 3587 sunm?

436 3702 497 3761 209.
534 3700 566 3758 ln
584 3701 665 3758 rests
683 3700 851 3774 stigmatum
868 3717 890 3758 s.
909 3701 1061 3760 drancisci.

637 3824 668 3878 In
687 3823 710 3879 1.
727 3819 863 3894 Vesperis.

163 3947 193 4011 1.
215 3947 401 4006 Frausciscns
423 3955 501 4007 amat
519 3950 602 4006 unice
779 3952 808 4009 2.
832 3949 1019 4008 Franciscnm
1039 3968 1120 4009 amer
1142 3952 1244 4020 ebriat,

219 4032 327 4110 desum,
351 4033 400 4107 qni
422 4033 606 4108 crucifigitur,
831 4037 901 4096 Jesu
923 4052 977 4107 pro
999 4036 1080 4094 nobis
1103 4037 1216 4107 mortui,

216 4119 315 4177 Mente
337 4119 439 4178 devota
459 4120 590 4193 supplice
832 4121 1016 4179 Franciscum
1039 4123 1111 4180 mire
1134 4123 1244 4181 sanciat

215 4203 359 4263 Crucifixo
381 4204 540 4279 configitur.
833 4206 883 4264 Vis
906 4208 1011 4265 amoris
1034 4208 1191 4280 praecipui.

232 4323 310 4372 Brev·
338 4336 385 4372 ms.
412 4322 545 4374 Francisc.
575 4325 687 4388 Hispan.
715 4339 782 4374 saec.
811 4320 877 4374 ¹⁶l1c.
901 4324 965 4375 Ood.
991 4325 1105 4375 Parisiu.
1135 4323 1207 4377 1046.
1232 4353 1265 4361 *-
1289 4327 1342 4376 cfr.

164 4388 292 4441 Analecta
308 4391 355 4450 xl,
376 4387 432 4442 132.
