2918 4868
623 307 857 372 -150—

325 526 329 535 x
397 487 426 548 3.
449 482 573 544 Ornatus
595 482 715 555 meritis,
739 481 819 541 dives
840 479 1003 554 virtutibus,

449 569 518 629 Gom
541 569 600 627 suis
622 567 768 627 monachis
790 567 820 625 in
843 567 890 626 die
912 566 1005 625 obitus

400 676 407 685 ’
432 654 619 728 =colloquens
641 652 750 712 monuit
781 659 813 711 ut
836 669 891 712 non
914 652 1085 711 moestitiam

494 740 552 800 Sed
576 755 674 802 reram
693 744 795 813 gerant
816 738 961 811 gandium.

395 897 426 957 4.
448 894 556 968 Regnis
578 894 749 953 coelestibus
770 893 871 951 mnndi
892 891 1036 950 miseriam

448 980 519 1039 Oum
541 980 622 1038 vanis
645 979 755 1038 artibus
774 979 937 1050 relinquens
960 978 1065 1053 omnia,

448 1065 613 1138 Assumpsit
635 1065 749 1141 gandia,
772 1072 889 1124 aeterna
911 1064 1039 1138 praemia

492 1152 549 1210 Per
569 1148 681 1209 infinita
710 1152 832 1212 saecula.

398 1308 426 1365 5.
450 1303 497 1363 Ex
519 1303 573 1362 hoo
595 1303 634 1361 sit
655 1303 748 1378 gloria
768 1303 846 1377 patri
869 1309 898 1362 et
918 1302 988 1377 filio,

451 1389 528 1447 Laus
551 1395 580 1447 et
601 1389 687 1448 latria
708 1396 808 1448 sancto
830 1390 980 1463 paraclito,

451 1473 492 1533 Ut
514 1490 577 1533 enm
599 1474 775 1548 Hieronymo
798 1475 904 1534 ducant
925 1474 964 1533 ad
985 1474 1117 1550 patriam,

493 1560 664 1632 Aiiacem,
688 1577 772 1633 qnam
794 1560 965 1621 inhabitant.

218 1714 295 1762 Brev.
314 1728 362 1762 ms.
380 1712 626 1776 Hieronymitarum
644 1714 707 1762 anni
726 1707 800 1762 1463.
819 1710 881 1762 eod.
900 1713 1034 1762 Matritsn.
1052 1712 1075 1762 A
1095 1709 1144 1764 169
1156 1711 1187 1760 A.
1205 1737 1238 1745 -
1252 1711 1329 1761 Brev.

149 1780 201 1830 FF.
226 1781 252 1831 S.
274 1781 432 1844 Hieronymi
459 1783 521 1845 imp.
539 1780 661 1845 Lugduni
682 1778 755 1830 1547.
775 1782 805 1831 Β.
824 1810 856 1817 -
874 1782 949 1831 Brev.
968 1782 1018 1831 FF.
1037 1781 1064 1830 S.
1082 1780 1240 1845 Hieronymi
1267 1781 1329 1844 imp.

149 1848 376 1916 Caesaraugustae
401 1845 475 1899 1562.
494 1849 523 1901 C.
552 1875 585 1883 -
612 1847 642 1911 5,
666 1846 774 1899 2Laus
798 1851 848 1909 ist,
876 1850 926 1899 wie
950 1864 979 1899 so
997 1849 1098 1914 hiufig,
1124 1848 1284 1899 namentlieh
1303 1850 1330 1897 in

150 1917 312 1986 spanisehen
329 1918 461 1983 Hymnen,
479 1918 626 1983 aweisilbig
644 1933 677 1967 au
694 1917 815 1969 nahmen.

454 2183 510 2242 251.
545 2185 576 2242 ln
594 2184 790 2244 Translationa
811 2200 833 2242 s.
852 2184 1022 2258 Hieronymi.

655 2324 698 2379 Ad
715 2324 830 2380 Laudes

406 2484 433 2544 1.
458 2482 627 2543 Sanctorum
651 2483 737 2543 decos
759 2486 921 2558 praesulum
945 2490 974 2542 et
997 2484 1097 2543 doctor

460 2568 569 2627 Lumen
591 2567 736 2644 refulgens
758 2570 877 2628 latebris
899 2576 928 2627 et
950 2576 1050 2628 auctor

454 2653 578 2713 Nostrae
600 2655 710 2727 salutis,
733 2655 863 2715 veritatis
885 2661 993 2729 pastor,

495 2739 594 2798 Eremi
616 2740 717 2804 enitor.

405 2897 433 2955 2.
457 2892 523 2952 Tibi
546 2900 589 2951 est
613 2893 711 2953 datum
733 2895 858 2967 regimen
880 2893 976 2967 fidele,

455 2979 598 3038 Haereses
619 2995 717 3039 omnes
740 2979 902 3054 deprimens
925 2981 1065 3040 adhaeres

455 3066 562 3125 Sacrae
584 3065 741 3140 doetrinae,
763 3067 883 3127 malleos
905 3081 936 3124 es
956 3081 1023 3125 vere

497 3151 725 3215 Haeretiaomm.

404 3307 432 3366 3.
456 3305 596 3379 augendo
618 3304 705 3364 iidem
727 3310 827 3365 eontra
848 3304 979 3365 infideles

455 3390 499 3448 Tu
520 3407 634 3464 semper
656 3391 732 3450 idem
751 3392 859 3466 satagis
882 3392 994 3463 dooere,

456 3475 540 3535 Vitae
562 3476 697 3550 perennis
716 3477 818 3536 animis
840 3493 956 3536 manere

496 3561 682 3623 Fruiiiooem.

403 3717 432 3774 4.
456 3713 585 3774 Gloriam
606 3715 705 3775 mnndi
727 3719 839 3790 spernis
862 3721 1078 3791 contemnendo,

459 3799 578 3860 Carnem
602 3802 738 3865 lascivam
760 3805 845 3878 ponis
864 3805 1030 3877 Jejunando,

458 3885 545 3946 Nuda
567 3892 596 3944 et
617 3888 702 3947 horno
725 3890 848 3948 conteris
871 3889 1011 3963 cubando,

498 3971 621 4032 Felixo
648 3973 757 4035 doctor.

404 4130 433 4187 5.
458 4127 578 4202 Semper
598 4129 628 4187 in
651 4129 712 4189 vita
733 4130 844 4204 reliqna
866 4128 991 4205 vivebas,

456 4214 483 4271 A
505 4215 574 4272 viris
596 4217 703 4274 sanatis
726 4213 839 4274 caelebs
862 4214 1044 4292 nuncuparis,

457 4299 585 4357 Artnbus
607 4301 698 4359 sacris
719 4301 800 4373 puris
821 4301 940 4359 sociaris

500 4385 619 4443 Gaudiis
642 4386 728 4447 ritae.
