2918 4868
609 320 648 331 -
694 284 763 350 218*
802 323 841 334 -

380 461 410 520 2.
433 458 526 530 Hujus
545 460 576 517 in
598 455 673 518 festo
695 458 817 517 celebris
840 458 911 531 diei,

440 544 527 605 Clara
548 561 604 618 qna
626 545 730 618 conjux
752 545 800 618 pie
820 543 961 605 Zebedaei

437 630 475 688 Et
496 646 578 689 soror
599 638 717 690 sanctae
738 629 885 704 genitricis
907 630 962 689 Dei

478 715 583 776 Sidera
604 716 727 776 scandit.

389 874 416 932 3.
440 870 543 930 Jacobi
565 877 657 930 mater
678 871 761 929 simul
784 878 812 929 et
835 871 975 932 lobannis

439 957 560 1029 Asperis
584 956 698 1015 Christo
721 963 855 1029 cooperta
878 957 989 1035 pannis,

438 1042 536 1114 Usque
559 1042 682 1100 decessit
703 1041 818 1100 senibus
837 1041 890 1101 sub
912 1043 1004 1120 anuis,

480 1126 600 1200 Semper
621 1127 763 1189 adhaesit.

384 1287 415 1343 4.
438 1284 569 1342 Christus
592 1290 623 1342 ut
646 1284 768 1353 scandit,
792 1284 882 1355 magis
905 1299 941 1342 ex
960 1300 1057 1345 ornere

438 1369 567 1444 Diligens
591 1370 692 1427 erescit
716 1369 811 1427 meriti
833 1369 942 1439 lubere,

438 1455 521 1514 Unde
544 1455 608 1528 plus
629 1455 698 1512 solis
722 1456 808 1514 rutila
830 1456 933 1514 decore

479 1540 554 1599 Sede
576 1547 717 1600 coruscat.

384 1697 413 1755 5.
437 1694 524 1765 Cujus
546 1694 575 1751 in
598 1694 707 1768 templo
725 1694 847 1767 vigilans
871 1693 1015 1766 decenter,

438 1779 582 1853 Quidquid
606 1796 728 1839 exorans
749 1780 833 1852 petit,
856 1778 1006 1838 evidenter

439 1867 578 1938 Impetrat
601 1871 692 1924 toturn
714 1865 785 1923 satis
807 1862 959 1923 affluenter

481 1953 558 2009 Ante
581 1967 732 2014 recessum.

385 2110 414 2168 6.
438 2105 588 2178 Supplieet
610 2110 702 2164 mater
723 2104 874 2163 Dominum
898 2111 1041 2178 regentem

438 2193 556 2263 Cuncta,
580 2193 655 2264 quod
679 2191 772 2250 salvat
793 2192 928 2264 populum
952 2191 1100 2263 colentem,

441 2278 614 2336 Promoveus
633 2278 740 2348 justum
765 2283 845 2349 regat.
864 2276 1043 2346 insolentem,

482 2362 568 2421 Sanet
590 2368 746 2436 aegrotum.

387 2519 415 2579 7.
442 2517 516 2576 Dive
538 2533 589 2577 rex
612 2532 719 2590 regum,
743 2516 796 2575 tibi
818 2516 890 2594 laus,
914 2517 1049 2575 honestas

444 2604 512 2679 Pax,
536 2602 623 2674 salus,
647 2601 748 2673 virtus,
771 2602 858 2661 decus
881 2608 910 2659 et
931 2607 1067 2675 potestas,

440 2689 494 2761 Qui
514 2688 571 2746 tuis
592 2688 700 2746 sanctis
721 2687 798 2747 bona
819 2693 921 2747 cuncte
945 2693 1075 2761 praestas

486 2773 592 2831 Trinus
615 2779 643 2831 et
665 2790 746 2835 nnus.

208 2894 282 2942 Brev.
301 2907 348 2941 ms.
368 2889 608 2955 compostellanum
625 2905 693 2940 saec.
714 2887 753 2940 15.
779 2890 842 2941 Cod.
861 2891 947 2956 Capit.
965 2890 1135 2954 compostell.
1153 2906 1173 2941 a.
1192 2906 1218 2939 n.
1236 2891 1267 2940 A.
1288 2916 1320 2924 -·

138 2962 232 3011 Dium.
250 2977 298 3010 ms.
318 2961 480 3024 legionense
501 2974 569 3008 saec.
589 2955 628 3010 15.
647 2958 710 3009 cod.
728 2961 813 3025 Capit.
832 2960 974 3024 Legionem.
992 2956 1034 3010 36.
1052 2960 1081 3009 B.
1100 2987 1135 2996 -
1152 2960 1227 3009 Brev.
1245 2960 1320 3009 Com·

139 3030 313 3095 postellenunr
338 3030 400 3093 imp.
423 3028 579 3093 Ulisiponaa
606 3025 679 3078 1497.
703 3028 731 3078 C.
758 3054 789 3062 -
817 3031 892 3078 llrev.
911 3028 1039 3078 Auriense
1063 3030 1124 3093 imp.
1143 3028 1320 3078 salmanticae

142 3095 215 3148 1501.
234 3100 266 3148 I).
286 3124 317 3130 -
338 3099 412 3146 llrev.
431 3096 672 3162 compostellanum
691 3098 725 3145 int
746 3133 752 3145 .
768 3098 945 3147 salmanticae
966 3094 1040 3146 1569.
1052 3097 1085 3146 Ε.
1103 3122 1137 3132 -
1155 3093 1179 3156 2,
1198 3092 1320 3147 2clnra-

139 3182 191 3230 que
213 3166 244 3215 Ε.
269 3193 301 3202 -
322 3163 353 3226 4,
381 3162 392 3214 l
417 3170 446 3215 ut
469 3164 535 3214 fehlt
558 3165 589 3214 E.
615 3192 647 3200 -
672 3163 701 3226 6,
727 3114 745 3214 g
770 3166 921 3231 (iunctaque
946 3166 1032 3215 salvet
1049 3166 1109 3227 CD;
1134 3165 1210 3238 Quod
1235 3165 1321 3214 salvet

140 3240 236 3285 cuneta
254 3235 285 3284 A.
305 3264 336 3270 —
355 3231 379 3293 7,
399 3232 410 3283 l
431 3234 529 3283 Divinc
548 3249 592 3283 rex
611 3233 647 3297 (ἔς
665 3233 764 3284 Sumne
782 3251 827 3284 rex
846 3234 877 3283 Α.

514 3467 577 3527 384.
612 3467 651 3524 lle
669 3483 691 3524 s.
710 3465 801 3526 llaria
818 3466 937 3526 Selene.

617 3589 659 3643 Ad
677 3589 849 3646 Nocturnum.

396 3715 421 3777 1.
443 3715 467 3773 0
491 3711 561 3771 ielix
583 3714 706 3786 genitrix
728 3724 828 3773 sancto
849 3715 988 3776 Johannis

442 3800 481 3857 Et
503 3800 597 3872 magni
620 3799 732 3871 Jacebi,
752 3801 850 3872 junior
871 3801 953 3859 annis

444 3886 522 3955 Quae
545 3890 641 3956 spreto
664 3886 782 3958 proprio
805 3887 923 3958 eonjngc
946 3886 1019 3944 caeli

442 3969 592 4029 Factorum
616 3971 743 4044 sequeris
766 3972 853 4030 corde
875 3970 964 4031 fideli.

390 4128 419 4183 2.
442 4125 465 4183 O
488 4125 615 4196 prudens
637 4125 761 4198 humilis,
784 4123 877 4195 fortis,
900 4125 1028 4195 honesta,

442 4210 544 4282 Aegris
567 4211 750 4285 compatiens,
775 4217 862 4285 ceste,
886 4212 1024 4283 modesta,

441 4296 492 4353 Cui
516 4313 570 4353 non
594 4295 751 4354 sufficimus
775 4313 906 4370 promere
928 4303 1016 4370 gesta,

443 4381 535 4454 Digne
558 4380 604 4439 fec
626 4391 675 4440 tuo
696 4399 747 4439 nos
769 4399 885 4441 currere
908 4380 990 4444 fosta.
