2918 4868
165 396 194 456 3.
218 394 269 453 Pie
291 399 390 469 pastor

259 487 376 541 sanctae
398 485 558 559 memoriae,

218 565 347 644 Foilaue‚

261 669 312 711 vas
334 652 449 726 plenum
471 657 590 730 gratiae,

216 737 329 796 Memor
350 743 411 797 esto

258 828 370 882 tuorum
392 841 556 906 memorum,

213 908 257 966 Ne
279 925 393 968 suorum

258 994 333 1052 mole
356 994 514 1057 facinorum

215 1078 445 1153 Comprimantur

257 1182 366 1239 poenae
387 1167 512 1232 miseria.

340 1339 526 1404 Responsoria.

162 1440 190 1498 1.
213 1439 368 1500 Exaltatur

255 1526 373 1586 lucerna
394 1529 557 1603 splendida,

213 1610 269 1669 Per
290 1629 373 1684 quam
396 1615 502 1673 Christi

251 1696 284 1754 fit
306 1696 406 1757 domus
428 1701 534 1780 lucida,

211 1781 252 1841 Ut
270 1783 402 1844 attendat

254 1867 348 1927 lumen
371 1886 449 1929 mens
472 1873 583 1937 timida.

147 1953 181 2013 V.
210 1952 294 2011 Felix
315 1960 399 2026 poter

253 2054 305 2111 per
327 2040 404 2099 vitae
425 2044 528 2102 merita

213 2123 335 2183 Cunctos
358 2126 447 2186 trahit

252 2226 270 2268 a
289 2211 388 2269 mundi
408 2214 518 2274 semita.

156 2330 186 2388 2.
209 2328 287 2389 Urbs
310 2347 366 2390 non
388 2331 459 2391 latet

251 2415 280 2473 in
302 2421 398 2475 moute
419 2419 523 2495 posita,

208 2498 269 2558 Nec
291 2501 409 2562 lucerna

250 2587 326 2645 lucet
347 2587 533 2665 abscondita3

206 2671 281 2729 Dum
304 2673 423 2733 divertit

248 2758 285 2816 ad
308 2759 412 2818 montis
434 2761 543 2836 abdita,

206 2842 262 2901 Per
283 2844 409 2903 confines

248 2928 282 2986 fit
301 2928 377 2990 fama
399 2932 524 3005 publica

142 3013 176 3072 V.
200 3013 264 3072 Lux
286 3013 408 3090 refulget

245 3099 274 3158 in
296 3107 381 3159 nocte
402 3103 523 3183 lubrica,

204 3183 328 3259 Fragrat
348 3188 421 3247 odor

246 3271 363 3330 vincens
384 3281 521 3335 aromata.

149 3393 178 3452 3.
202 3390 292 3463 Opem
314 3391 397 3451 nobis

242 3475 366 3551 benigne
386 3481 511 3557 porrige,

200 3560 279 3635 Rege
300 3567 418 3640 stantes,

240 3649 370 3720 jacentes
393 3650 480 3724 erige,

199 3732 307 3805 Mores,
329 3740 410 3793 ectus

242 3824 272 3877 et
293 3820 380 3879 vitam
403 3824 513 3899 corrige

198 3903 237 3962 Et
259 3905 289 3962 in
311 3906 391 3978 pacis

239 4006 290 4050 nos
312 3991 387 4051 viam
411 3993 520 4069 dirige3

134 4073 169 4133 V.
199 4074 243 4133 Tu
266 4076 392 4137 directus

237 4161 354 4221 coelesti
374 4166 481 4241 remige

196 4245 374 4320 Aprocella

237 4334 336 4392 mundi
357 4352 408 4395 nos
431 4344 559 4412 protege.

183 4439 295 4488 Dreros.
310 4439 430 4491 llymnodia
442 4443 550 4487 Hiberica.
572 4445 599 4486 tl.

915 409 955 468 ln
978 410 1186 479 Laudibus.

965 529 1140 596 Antiphonae.

778 630 806 689 1.
832 631 864 689 ln
888 649 985 692 amore
1002 636 1111 709 jngiter

873 716 989 779 fervens
1012 722 1149 782 trinitatis

832 801 949 863 Fundat
969 811 999 864 et
1020 808 1167 868 coustituit

873 890 938 949 loca
958 893 1085 964 pietatis.
1181 919 1183 925 ,

776 991 805 1049 2.
830 992 1046 1068 Contemplator
1063 997 1171 1072 jugiter

872 1095 968 1138 veram
992 1080 1183 1160 disciplinam,

828 1161 935 1222 Horret
958 1164 1063 1225 lamam
1085 1171 1201 1247 saeculi,

870 1266 906 1307 ne
930 1252 1014 1310 ducat
1038 1254 1158 1313 ruinam.

775 1351 802 1408 3.
827 1350 872 1409 De
894 1354 986 1412 salute
1009 1357 1108 1429 populi

870 1439 982 1510 plenam
1005 1457 1105 1513 gerens
1128 1458 1225 1502 curam

826 1522 944 1582 Cladem
964 1527 1146 1599 pestilentiae

866 1609 968 1669 indicit
990 1610 1125 1674 suturam.

772 1715 801 1773 t.
825 1711 934 1771 Invitus
956 1716 1111 1775 assumitur

865 1799 904 1857 ad
925 1801 1132 1880 pontificatum,

823 1882 905 1942 Licet
925 1900 958 1943 se
977 1886 1007 1945 in
1029 1888 1160 1960 pluribus

865 1968 974 2029 diceret
993 1979 1166 2037 accusatum

771 2075 800 2132 5.
823 2070 959 2131 Subditos
982 2074 1097 2133 edocuit

865 2159 973 2216 sanctis
994 2160 1153 2235 inhaerere,

824 2241 960 2303 Normam
983 2247 1027 2303 sui
1042 2247 1152 2308 ordinis

865 2328 987 2388 firmiter
1007 2336 1115 2396 tenere.

923 2473 965 2524 Ad
986 2476 1152 2528 Benedictus.

757 2577 793 2638 A.
824 2578 964 2638 Olnmen
986 2582 1152 2657 spectabile,

864 2661 989 2738 Fulgens
1012 2667 1153 2742 claritate,

820 2748 991 2824 Exemplum
1014 2752 1141 2813 notabile

864 2835 971 2894 (lluisti
994 2839 1123 2913 canate,

819 2920 864 2979 Tu
884 2938 935 2980 vas
958 2923 1137 2997 admirabile,

862 3007 981 3067 Plenum
1004 3010 1165 3081 sanctitate,

820 3092 880 3152 Fae
901 3109 952 3152 cor
972 3101 1100 3154 nostrum
1122 3097 1225 3156 stabile

861 3180 938 3238 Pura
959 3181 1091 3245 venam.

877 3351 919 3410 ln
941 3354 970 3412 2.
995 3352 1192 3426 vesperis.

924 3468 963 3519 An
981 3469 1142 3535 rumestat

751 3570 788 3631 A.
819 3572 914 3646 Salve,
937 3580 1035 3632 sancte

857 3660 973 3731 praesul
995 3661 1141 3737 ecclesiae,

814 3743 898 3803 Vitae
921 3762 1030 3818 norma,

856 3831 904 3889 via
924 3831 1104 3905 prudentiae,

812 3915 892 3975 Audi
913 3933 1014 3991 preces

856 4002 974 4062 devotas
996 4003 1090 4078 bodie,

811 4087 868 4147 Per
889 4095 919 4148 te
941 4088 1023 4148 nobis

853 4173 892 4233 sit
912 4174 991 4232 locus
1013 4176 1122 4250 reniae,

810 4257 855 4316 Ne
876 4276 928 4317 nos
950 4268 1063 4333 premat

854 4344 932 4419 rigor
953 4347 1120 4408 sententiae.

1121 4446 1136 4496 i
