2918 4868
636 257 850 326 ..75..

553 429 596 486 911.
632 429 671 486 llo
691 429 798 502 ringeln
816 428 940 486 0111010.

651 551 694 604 Ad
712 551 827 605 Laudes.

155 678 183 736 1.
207 675 332 733 Verbum
354 691 506 748 supernum
530 677 676 753 prodiens
769 680 799 737 4.
823 677 861 736 Se
883 691 1003 734 nascens
1029 675 1111 734 dedit
1132 675 1240 732 socium

206 762 233 819 A
258 768 339 833 patre
361 763 603 833 sempeternus,
822 761 966 821 Mittendo
989 761 1070 818 uobis
1093 760 1235 834 angelum,

208 847 261 916 uui
286 847 321 904 de
344 848 462 906 custode
483 846 617 904 subvenis
820 844 1002 908 Promentem
1026 846 1110 903 dulce
1131 846 1290 904 canticum:

207 932 254 990 Ad
277 932 443 989 servitutem
464 931 618 990 hominnm.
823 931 924 990 Gloria
947 932 1007 1004 regi
1030 932 1165 991 omnium.

154 1036 183 1093 2.
207 1034 240 1091 In
263 1039 354 1091 morte
376 1035 459 1092 adest
483 1035 610 1107 angelus,
771 1038 800 1097 5.
823 1035 847 1094 0
870 1034 1004 1092 salutaris
1026 1034 1133 1092 veritas

207 1119 257 1177 Fit
278 1119 422 1177 recedenti
445 1120 555 1195 obvius,
822 1119 861 1176 Et
882 1119 1047 1192 angelorum
1067 1119 1194 1194 claritas,

206 1203 247 1263 Ut
269 1203 382 1262 delerat
406 1205 443 1263 ad
467 1205 597 1263 bravimn
824 1207 857 1263 ln
880 1204 983 1276 quibus
1005 1204 1090 1262 ardet
1112 1205 1217 1262 caritas

206 1290 385 1348 Felicitatem
409 1291 563 1350 bominum.
822 1290 862 1347 Et
885 1290 1006 1362 diligens
1030 1289 1202 1363 benignitas

154 1393 183 1451 3.
206 1391 314 1462 Quibus
336 1397 476 1465 parantur
497 1392 602 1465 gaudia
770 1394 798 1453 6.
822 1392 880 1452 Uui
903 1392 1036 1464 trinoque
1056 1392 1179 1450 Domino

207 1477 241 1534 11
264 1476 410 1535 beatomm
434 1478 520 1544 curia,
825 1478 868 1538 Sit
891 1480 1066 1549 sempiterna
1088 1478 1189 1549 gloria,

210 1561 268 1620 Ubi
291 1563 435 1620 exsultant
458 1562 561 1635 angeli,
823 1563 876 1633 Qui
900 1563 988 1620 vitam
1010 1562 1071 1620 sine
1094 1563 1215 1620 termino

208 1648 375 1707 Orationum
398 1647 496 1720 bajuli.
824 1647 916 1705 Nobis
941 1648 1027 1705 donet
1047 1648 1076 1705 11
1100 1648 1202 1719 patria.

222 1765 276 1813 Aua
301 1764 442 1813 denselbeu
467 1764 578 1826 Quellen
603 1765 652 1813 wia
677 1764 720 1813 dio
743 1763 836 1814 beiden
858 1764 1089 1830 vorhergeheudeu
1114 1766 1256 1814 Nummeru
1278 1764 1337 1820 (mit

154 1833 305 1882 Ausnuhme
331 1849 383 1881 von
411 1831 441 1894 Y)
467 1832 520 1881 und
548 1832 617 1882 olme
646 1838 842 1883 nenuenswerte
868 1834 1022 1882 Variauten.
1058 1832 1230 1892 Villanueva,
1260 1832 1337 1896 Viaje

154 1902 285 1950 Literario
307 1902 348 1959 11,
378 1898 389 1949 l
414 1902 488 1965 giebt
507 1917 547 1959 arr,
575 1901 622 1950 <las
640 1900 775 1959 Officium,
798 1916 830 1950 zu
848 1901 907 1950 dem
925 1901 997 1951 diese
1014 1903 1138 1965 Hymnen
1156 1901 1278 1966 gehbren,
1297 1903 1335 1949 sei

157 1967 221 2018 1411
242 1969 403 2035 eingosirhrt3
422 1969 504 2018 leider
521 1967 631 2034 vergilst
648 1985 676 2019 er
694 1971 767 2019 scine
785 1970 895 2035 Angabe
913 1985 945 2017 zu
965 1969 1124 2033 begrrindeu.

547 2133 604 2189 11111.
640 2133 803 2205 bonogelo
822 2132 945 2190 Custode.

603 2255 646 2308 Ad
664 2254 745 2323 Vesp.
763 2261 791 2309 ot
808 2255 885 2309 Noct.

156 2384 185 2442 1.
209 2383 309 2439 tusus
332 2398 447 2439 suorum
471 2382 601 2451 militum,
769 2382 798 2442 3.
817 2379 929 2438 Adesse
950 2381 1032 2438 nobis
1054 2381 1196 2439 credimus

208 2468 280 2539 llcr,
304 2467 350 2539 qni
373 2467 514 2540 gubernat
536 2466 640 2535 omnia,
823 2464 935 2538 Ubique
957 2473 1071 2524 sanctos
1092 2466 1220 2539 angelos,

208 2553 255 2610 Ad
278 2569 328 2609 uos
352 2553 472 2609 tuendos
494 2551 605 2609 intimos
823 2551 909 2611 Claro
931 2556 1025 2609 tamen
1047 2552 1095 2624 qui
1118 2552 1225 2609 lumine

208 2638 301 2696 Mittit
323 2653 462 2709 supernos
485 2637 609 2708 angelos.
822 2636 939 2697 Vultum
962 2637 1016 2694 Dei
1038 2653 1152 2709 semper
1172 2637 1281 2700 vident.

156 2743 185 2798 2.
209 2739 379 2796 Custodiunt
401 2755 452 2796 nos
474 2739 568 2811 angeli
769 2742 798 2801 4.
822 2738 929 2796 Vident
950 2739 1165 2810 beatitudinem,

208 2824 302 2881 Noctu
325 2825 428 2896 dieque
451 2831 479 2880 et
498 2823 613 2894 jugiter,
821 2824 910 2894 Quam
933 2825 1081 2896 possident
1103 2829 1132 2882 et
1152 2825 1240 2896 patrii

210 2909 425 2967 circumdamur
448 2908 600 2967 virtutibus
824 2909 979 2981 Nostrlqne
1001 2908 1071 2968 facti
1092 2911 1203 2983 praevii

206 2994 357 3052 Exercitus
380 2995 554 3054 coelestium.
820 2994 899 3052 Coeli
921 2991 1055 3054 fruuntur
1077 2996 1178 3071 gloria.

514 3102 540 3158 5.
566 3096 626 3154 Soli
648 3097 709 3155 Deo
732 3097 770 3153 sit
791 3097 891 3169 gloria,

566 3181 609 3240 Sit
628 3182 783 3255 gratarum
805 3183 888 3258 aetio,

565 3268 619 3339 Qui
640 3267 717 3326 solus
740 3273 781 3325 est
804 3267 960 3325 altissimus

566 3353 604 3410 Et
626 3352 765 3426 gloriosus
787 3352 938 3425 perpetim.

224 3470 300 3519 Brev.
319 3486 366 3519 ms.
381 3471 430 3519 FF.
450 3469 476 3519 S.
494 3472 650 3534 llierouymi
668 3471 731 3519 anni
752 3465 824 3519 1463.
838 3468 900 3518 Cod.
913 3470 1048 3520 Matriten.
1060 3471 1091 3520 A.
1113 3469 1168 3521 169.
1187 3472 1245 3522 add.
1265 3489 1333 3523 saec.

157 3536 196 3588 15.
223 3554 263 3587 ex.
287 3541 318 3588 Α.
346 3567 379 3574 -
406 3541 480 3588 lirev.
505 3540 661 3588 'l'oletanum
688 3541 749 3603 imp.
772 3538 894 3602 Lugduni
921 3536 994 3589 1551.
1018 3539 1047 3587 ll.
1072 3547 1112 3574 -’
1129 3542 1204 3591 llrev.
1229 3542 1279 3591 FF.
1305 3543 1332 3591 S.

156 3607 311 3670 Hieronymi
332 3609 393 3672 imp.
412 3608 532 3672 Lugduni
557 3605 671 3656 11110.
690 3635 722 3642 —-
737 3609 811 3656 [trev.
827 3607 1000 3669 Saguntinum
1019 3609 1081 3672 imp.
1095 3608 1239 3672 Seguntiae
1260 3607 1332 3660 1661.

157 3677 188 3724 D.
214 3705 246 3711 -
271 3677 346 3725 Brev.
367 3675 518 3725 conchense
540 3678 601 3739 imp.
621 3676 742 3725 Conchao
769 3672 841 3724 1560.
862 3674 893 3723 E.
913 3701 942 3708 —-
964 3677 1039 3726 Brev.
1062 3677 1112 3726 FF.
1131 3677 1157 3727 S.
1177 3678 1334 3742 Hieronymi

157 3746 218 3809 imp.
238 3746 464 3808 Caesaraugustae
489 3741 561 3792 1562.
581 3746 609 3792 F.
628 3773 661 3779 -
680 3745 734 3794 Der
751 3744 873 3807 Hymnus
895 3743 964 3793 steht
987 3743 1021 3793 ad
1038 3745 1117 3809 Vesp.
1136 3751 1163 3795 et
1180 3744 1284 3796 Laudes
1304 3748 1333 3795 B.

540 3908 590 3965 1111.
627 3911 664 3966 lle
683 3909 789 3981 lingula
809 3909 934 3967 Custode.

535 4002 540 4017 '
654 4031 698 4083 An
717 4031 831 4085 laudes.

407 4157 433 4214 1.
458 4156 596 4213 Coelitum
620 4155 722 4213 festum
745 4157 847 4212 merito
871 4155 1020 4213 colendum

458 4240 604 4298 Laudibus
627 4242 736 4298 coelum
759 4242 925 4313 repleatque
949 4247 1064 4311 terram,

454 4328 529 4399 Quos
551 4327 606 4384 Dei
629 4333 741 4384 nostros
763 4328 856 4399 pietas
877 4332 990 4383 tuentes

498 4413 589 4472 Mittit
610 4413 743 4487 Olympo.
