2918 4868
642 276 873 339 —222-

53 495 57 502 .
166 451 195 510 3.
220 448 308 521 Virgo
330 448 384 506 Dei
408 448 596 525 sanctissima,
785 452 813 511 4.
837 449 922 521 lans,
946 450 1045 522 honor,
1070 450 1170 522 virtus,
1192 449 1284 524 gloria

221 533 308 606 Apud
332 534 476 593 Christum
497 551 550 593 nos
571 534 687 607 adjuvo,
837 534 899 594 Deo
921 535 999 608 patri
1020 540 1050 592 et
1072 533 1141 607 filio,

220 619 261 678 Ut
284 620 427 678 valeamus
450 635 554 692 capere
838 621 944 681 Sancto
962 621 1046 679 simul
1068 621 1208 694 paraclito

221 707 277 765 Per
298 710 327 762 te
349 722 437 779 regna
458 705 604 770 coelestia.
838 707 872 764 ln
894 707 1071 765 saeculorum
1094 707 1217 768 saecula.

232 823 308 872 ΒΜ.
336 838 385 873 ms.
406 823 562 875 Tolosanum
592 839 659 875 suec
689 820 728 874 14.
754 823 819 875 cod.
842 823 927 874 Palat
949 824 1082 876 diatriton.
1104 821 1155 875 214
1182 821 1282 887 (2132).
1309 853 1344 862 —

164 887 185 953 l,
204 888 221 940 2
239 891 412 942 Debellatrix.

561 1091 622 1150 332.
658 1091 696 1148 lle
713 1095 813 1150 sanctu
829 1090 948 1152 stum

634 1231 677 1285 Ad
694 1230 867 1285 Nocturnum.

166 1373 194 1432 l.
218 1373 335 1431 Festum
358 1374 490 1432 Marinae
512 1373 631 1448 virginis
783 1377 812 1434 4.
835 1373 916 1433 Haec
938 1379 980 1432 est
1004 1373 1066 1434 dies
1087 1374 1277 1449 sanctissima,

221 1458 404 1517 Celebremns
428 1476 491 1516 cum
514 1458 643 1533 canticis,
834 1461 868 1520 Iu
894 1477 951 1533 qua
973 1459 1053 1532 virgo
1076 1459 1243 1533 dignissima

219 1545 310 1605 Utin
334 1544 381 1602 die
399 1543 502 1617 jndicii
834 1545 891 1603 Per
912 1545 1087 1618 triumphum
1109 1545 1241 1619 martyrii

217 1628 310 1688 Simus
332 1636 492 1688 sanctorum
516 1629 596 1692 socii.
836 1630 911 1688 Vicit
931 1631 1022 1689 minas
1045 1629 1168 1705 Olybrii.

58 1823 62 1829 ὁ
162 1751 192 1808 2.
218 1749 290 1808 Nam
311 1749 363 1808 illa
386 1749 461 1809 dona
483 1749 567 1823 petiit
783 1753 814 1813 5.
838 1750 966 1824 Uterque
988 1766 1073 1810 sexus
1093 1752 1219 1824 gandeat

216 1835 253 1892 llt
275 1834 406 1893 exaudiri
428 1836 531 1894 meruit
833 1837 872 1915 Et
893 1843 989 1912 grates
1012 1837 1074 1895 Deo
1096 1835 1205 1895 referat

219 1921 276 1978 Pro
298 1921 428 1979 omnibus
451 1919 612 1980 viventibus
835 1924 868 1981 ln
890 1922 1021 1981 Marinae
1042 1920 1138 1981 officio

220 2006 306 2065 Suum
330 2003 434 2064 festum
457 2005 624 2065 colentibus.
832 2007 873 2066 Et
895 2008 955 2081 ejus
976 2007 1119 2071 natalitio.

167 2129 196 2187 3.
220 2125 259 2186 Ut
281 2126 311 2184 in
333 2127 476 2200 praesenti
499 2126 643 2200 gaudeant
780 2131 809 2188 6.
833 2128 857 2187 0
880 2127 960 2202 virgo
983 2125 1160 2199 felicissima,

216 2211 255 2270 Et
277 2212 307 2270 in
330 2210 425 2270 lntnro
447 2211 571 2271 subeant
832 2212 944 2286 Sponsa
965 2213 1073 2272 Christi
1094 2213 1250 2286 carissima,

216 2298 249 2356 ln
271 2314 366 2356 arcem
388 2298 463 2372 regis
485 2298 602 2372 gloriae,
831 2297 936 2358 Obtine
957 2298 1040 2357 nobis
1061 2299 1174 2376 gandia,

216 2382 273 2443 Ubi
296 2383 445 2443 vicentin
469 2384 574 2456 requie.
832 2383 911 2455 Quae
932 2384 1063 2457 possides
1085 2385 1115 2444 in
1137 2384 1238 2459 gloria.

498 2503 526 2562 7.
550 2502 615 2561 Hoc
632 2507 760 2575 praestet
782 2507 881 2560 sancta
906 2500 1019 2560 trinitas

548 2588 588 2646 Et
607 2587 733 2646 indivisa
753 2586 856 2659 unitos,

548 2675 678 2733 Summus
700 2677 784 2745 pater
806 2688 868 2730 cum
891 2670 950 2730 filio

549 2758 586 2815 Et
609 2757 712 2831 spiritu
735 2758 884 2831 paraclito.

231 2875 306 2924 Brev·
324 2889 373 2925 ms.
391 2874 548 2924 Toletanum
566 2890 634 2925 succ.
653 2871 720 2925 ΗΙιυ.
744 2873 807 2925 eod.
825 2876 906 2925 Univ.
924 2873 1060 2924 Matriten.
1078 2869 1111 2923 48
1128 2869 1240 2937 (92-lt
1259 2873 1289 2923 A.
1309 2899 1341 2908 —

163 2942 239 2991 Brev.
262 2942 391 2994 Auriense
413 2944 475 3008 imp.
499 2943 677 2995 salmanticae
702 2939 777 2994 1501.
802 2944 832 2994 Β.
857 2968 889 2976 -
907 2942 984 2993 Brev.
1007 2940 1176 2992 Cordubense
1198 2943 1261 3007 imp.
1279 2941 1342 2991 His·

162 3010 218 3074 pm
237 3006 311 3061 1524.
329 3009 358 3061 c.

557 3211 618 3270 333.
654 3212 691 3269 lle
708 3212 808 3268 sancta
824 3209 944 3268 ilarius.

165 3357 193 3418 l.
217 3355 409 3415 Salamandra
431 3356 501 3416 vivit
522 3357 587 3431 igne
777 3357 806 3416 4.
830 3354 955 3428 Spiritus
977 3355 1044 3414 almi
1068 3369 1187 3412 censura

216 3440 279 3499 Nec
299 3441 328 3499 in
351 3442 416 3515 igne
439 3442 624 3514 comburitur,
830 3441 872 3498 Te
892 3442 993 3514 pungit
1014 3441 1044 3498 in
1067 3441 1121 3499 hoc
1142 3439 1265 3510 sacculo,

215 3525 263 3585 Sic
285 3533 363 3584 tunm
387 3543 489 3599 corpus
512 3528 621 3601 insigne
831 3526 869 3586 Ut
894 3527 952 3585 vita
975 3542 1075 3599 nempe
1097 3523 1195 3583 futura

215 3612 341 3671 Feruorc
364 3630 420 3671 non
444 3613 645 3685 corrumpitur.
832 3611 887 3670 Dei
908 3609 1014 3670 lrnaris
1036 3611 1163 3685 speculo.

162 3735 190 3793 2.
214 3733 289 3792 Dum
314 3733 411 3790 vixisti
434 3737 492 3791 tam
515 3732 636 3806 benigne
782 3736 810 3793 5.
835 3732 915 3791 Sicut
938 3733 1018 3805 talpa
1039 3731 1101 3790 soln
1123 3737 1201 3790 terra

215 3821 294 3878 Inter
316 3818 392 3876 viros
414 3818 582 3894 perlegitur,
833 3818 940 3876 Vivens
962 3833 1065 3890 nempe
1087 3816 1224 3889 reficitur,

217 3904 296 3963 Nihil
320 3903 403 3976 egisti
424 3904 558 3977 maligne,
829 3905 891 3962 Tua
913 3904 973 3962 vita
994 3904 1055 3961 sine
1077 3919 1179 3976 guerra

214 3989 276 4048 Nec
298 3996 347 4048 tna
369 4006 445 4047 mors
467 3989 602 4050 inlicitur.
830 3989 974 4047 Terrenac
996 3987 1090 4047 fossae
1112 3988 1245 4047 truditur.

160 4115 190 4175 3.
211 4110 402 4172 cameleontis
424 4116 526 4169 natura
776 4113 805 4174 6.
829 4109 941 4184 Lingua
962 4111 1095 4168 scindens
1118 4112 1194 4170 velnt
1217 4125 1298 4168 serra

213 4196 316 4256 Mundi
338 4196 422 4268 huJus
444 4197 587 4271 ergastulo
828 4196 918 4254 Tuam
941 4194 1045 4255 famam
1068 4196 1259 4271 persequitur,

217 4282 320 4341 Vixisti
340 4283 399 4354 jam
422 4282 484 4341 Deo
507 4299 580 4355 pura
828 4281 968 4341 Gestabas
990 4283 1100 4354 peccati
1124 4281 1210 4352 terra,

213 4368 299 4426 Flatu
322 4368 418 4426 divino
438 4369 546 4441 patulo.
826 4367 893 4426 Tibi
915 4369 1021 4426 crimen
1045 4369 1210 4441 apponitur.
