2918 4868
601 276 833 340 -133-

132 447 315 508 sanctissimis,
334 447 430 513 quibus
450 448 476 496 in
496 451 551 497 toto
571 449 633 497 orbe
652 455 779 498 terrarum
792 448 892 497 similes
906 464 958 497 non
971 456 1066 500 essent.
1094 452 1125 501 V.
1139 451 1175 501 Hi
1188 452 1310 502 Jeachim

132 520 158 563 et
176 514 266 576 Anna,
294 531 325 565 ex
349 518 387 566 eis
405 518 496 581 genita
514 518 613 577 Maria,
636 517 795 566 salvatorem
814 516 903 566 mimdi
922 519 1051 580 genitura.
1069 546 1102 553 —
1114 514 1141 567 -Β
1160 517 1176 568 2
1195 521 1258 570 felrlr
1277 523 1310 581 Λ;

133 587 198 632 statt
215 583 310 634 dassen
323 585 378 634 Ave
397 590 472 650 pater
489 600 559 635 nunc
577 590 625 635 etc.
644 612 677 621 -
690 580 709 633 Β
728 583 751 646 2,
772 582 804 636 10
821 591 847 635 et
865 586 984 636 considet
998 587 1027 636 B.
1047 617 1079 622 —
1092 581 1112 634 Β
1130 585 1155 648 2,
1177 587 1206 638 ll
1220 592 1311 639 Patres

132 654 234 701 eunctis
263 655 290 703 B.
316 679 348 688 —
374 648 393 701 Β
417 650 434 702 3
459 654 529 703 stelit
551 654 591 703 als
611 648 630 701 R
654 650 671 702 2
693 655 721 704 in
738 655 772 716 A;
796 658 860 702 statt
882 654 976 703 dassen
1001 653 1051 703 hoc
1074 655 1145 705 loeo:
1167 658 1218 721 Eja
1241 675 1311 721 ergo,

129 718 310 783 dilectissimi,
336 737 426 772 omnes
448 722 611 786 gratulemur
628 724 656 770 in
675 723 802 780 Domino,
825 724 993 772 sanctissimo
1016 725 1083 788 patri
1107 727 1242 789 genitricis
1261 729 1311 776 lici

130 787 301 840 devotissime
323 790 489 840 famulantes.
520 792 551 840 V.
576 791 678 840 Idcirco
703 790 809 840 laudate
831 790 953 840 Joaclrim
977 791 1066 850 hodie.
1096 795 1141 858 qui
1164 794 1248 843 faetus
1272 798 1312 843 est

133 850 186 921 [cx]
211 859 311 908 semine
329 859 418 908 David
436 859 577 909 secundum
597 874 710 909 carnem.
728 888 758 895 -
780 860 811 909 Iu
829 859 912 909 Laud.
932 856 952 908 Α
973 855 1001 919 l,
1023 858 1040 909 4
1058 861 1167 912 Gratiae
1187 862 1310 925 pudorem

131 926 163 973 Λ.
182 951 214 960 -
233 923 306 977 1112.
326 929 403 993 Vesp.
423 927 456 976 ad
474 929 563 992 Magn.
582 923 602 975 Α
620 927 687 978 fehlt
703 927 734 976 Α.

552 1110 597 1166 48.
634 1110 673 1166 [te
691 1111 788 1166 saneto
805 1109 895 1168 Justo.
923 1138 927 1153 ι

250 1235 291 1293 In
317 1237 344 1299 1.
368 1236 564 1309 vesperis.
760 1239 788 1297 3.
812 1238 937 1297 Humilis
960 1239 990 1297 iu
1012 1255 1121 1297 summo
1144 1241 1232 1299 corde

853 1329 939 1397 atque
961 1325 1037 1382 mitis
1060 1325 1163 1403 anima,

810 1407 886 1467 Juva
906 1411 1010 1486 aulam,
1034 1411 1063 1468 in
1087 1427 1143 1483 qua
1165 1418 1215 1470 tua

853 1510 918 1552 ossa
939 1497 1031 1553 latent
1051 1496 1143 1559 arida.

131 1352 165 1414 R.
189 1354 213 1413 0
239 1355 372 1414 vicenses
393 1356 514 1427 incolae,

237 1441 335 1500 Nolite
357 1442 458 1501 timere

192 1524 254 1583 Nec
276 1526 406 1586 adversis
428 1528 587 1601 quibusque

93 1606 100 1616 ’
237 1611 332 1671 Corde
353 1610 520 1685 formidare,

193 1696 281 1754 Vobis
304 1698 389 1756 dutus
409 1699 484 1757 enim
508 1705 552 1756 est
866 1759 872 1771 ,

237 1782 337 1842 Justns
359 1784 389 1842 in
412 1783 569 1857 custodem,
758 1761 787 1819 Ῑ·
811 1758 894 1816 F⁰l¹¹
915 1759 1003 1858 ¹⁰⁰¹}fl3

131 1867 164 1926 v.
192 1868 299 1926 uerno
321 1869 467 1928 laetamini
852 1845 902 1903 see
926 1841 1039 1904 nram
1059 1847 1192 1920 popurus,

237 1953 298 2012 90⁰
319 1955 427 2027 gratias
450 1956 587 2016 dicentes.
809 1929 917 2027 Quibus
939 1930 1013 1988 nitet

851 2016 931 2074 sidus
952 2032 1078 2093 aureum,

301 2088 341 2138 Ad
363 2089 524 2156 magnificat.
810 2098 930 2159 Gemma
951 2101 1085 2173 splendet

129 2192 166 2249 A.
190 2191 295 2252 Jaslas
316 2198 414 2252 autem
852 2182 1056 2259 confessomm,

195 2278 281 2349 quaa
304 2277 346 2337 leo
369 2279 525 2354 confidens,
808 2269 907 2330 Justns
929 2270 988 2342 ille,

192 2364 299 2437 ubsque
320 2369 428 2424 terrore
450 2366 511 2443 cn‘t,
850 2357 898 2429 qui
918 2355 1045 2430 justitias
1068 2356 1179 2418 dilexit.

193 2448 282 2508 Novit
304 2449 382 2508 enim
745 2441 779 2500 V.
808 2441 876 2513 Quis
899 2449 942 2501 est
964 2442 1019 2514 hic,
1039 2442 1088 2514 qui

192 2552 313 2594 causam
329 2553 506 2615 pauperum,
851 2524 921 2585 lecit
942 2526 1094 2593 mirabilia,

192 2620 263 2680 Ideo
285 2621 458 2680 laudabitur
851 2618 880 2670 et
902 2612 1081 2672 laudabimus
1104 2628 1178 2672 eum.

193 2712 278 2780 “idue
298 2707 444 2781 sandeta.
756 2717 784 2775 2.
808 2716 869 2774 Rex
891 2721 1025 2774 aeternus
1047 2715 1161 2773 iustum
1184 2716 1254 2774 viris

849 2800 878 2859 in
901 2800 1022 2859 excelsis
1045 2800 1141 2872 posuit

253 2878 307 2937 Ad
331 2877 568 2937 Malmissflffl·
807 2886 847 2944 Et
866 2887 1032 2960 angelorum
1054 2886 1161 2944 socium

312 2989 506 3047 Invitatorium.
849 2972 980 3043 societati
1001 2971 1110 3047 statuit,

189 3099 313 3159 ΜΘΝ
336 3107 365 3158 e,
388 3101 512 3175 virgines
744 3057 779 3118 V.
805 3058 850 3116 Ae
872 3057 900 3115 in
923 3056 1009 3116 terris
1032 3055 1190 3114 collaudari

515 3145 522 3173 l

191 3185 280 3244 Senes
302 3202 365 3243 pum
385 3186 545 3258 junioribus
849 3143 950 3201 merito
974 3142 1048 3200 hunc
1070 3141 1168 3199 voluit

193 3271 304 3343 Venite,
315 3229 477 3330 'adoremus
549 3231 556 3259 ’
755 3249 785 3310 3.
808 3247 880 3323 Ave,
894 3241 1153 3317 confessornoster,
1169 3243 1307 3302 etiterum

191 3357 297 3429 Regem
320 3357 395 3415 sacri
418 3355 599 3417 confessoris.
851 3330 909 3428 “bl
926 3329 1046 3388 d¹⁰¹¹¹¹¹¹⁸
1067 3344 1130 3401 ave,

807 3414 958 3491 Relugrum
981 3419 1108 3472 nostrum
1131 3419 1160 3472 et
1182 3421 1276 3472 eustos

268 3529 309 3586 1„
331 3527 542 3590 Nocturno·
848 3501 951 3559 merito
973 3499 1121 3573 psallimus
1143 3516 1205 3573 ave,

743 3586 778 3650 V.
805 3588 921 3663 Recipe,
945 3585 1020 3658 quod
1043 3583 1098 3642 tibi
1120 3583 1272 3659 offerimus,

848 3679 877 3731 et
898 3671 980 3730 nobis
999 3685 1113 3742 semper
1136 3669 1211 3735 fase.

932 1656 1119 1720 Responsoria.

324 3645 498 3712 Antiphonae.

140 3751 168 3814 1.
192 3750 243 3809 Pie
264 3752 356 3821 Juste,
381 3764 466 3823 prece
488 3749 536 3822 pia

233 3836 310 3909 pium
333 3835 415 3894 nobis
437 3835 544 3893 inclina
964 3831 1086 3882 Verbeta

189 3920 295 3994 Regem
319 3938 414 3995 regum
437 3921 614 3980 conditorem
805 3936 889 3995 Motu
910 3951 1048 4009 corporeo

234 4007 340 4078 plelale
363 4006 457 4069 solitu.
590 4095 591 4098 Ἴ
848 4027 961 4094 tempus
984 4037 1071 4080 suave

137 4111 166 4171 2.
190 4108 320 4169 Pmdens
340 4110 423 4185 alme,
447 4114 574 4167 nostmm
597 4106 676 4166 salve
806 4107 919 4165 Iudicat
941 4106 1023 4166 nobis

234 4193 353 4268 dignare
375 4195 537 4272 admittere,
847 4192 946 4251 iustus
968 4197 997 4251 et
1018 4208 1114 4266 grave,

189 4278 229 4337 Et
250 4285 282 4337 tu
304 4280 375 4338 civis
397 4280 505 4338 civitat’
807 4276 966 4336 Periculum
988 4278 1127 4353 sublevat,

232 4363 338 4424 festina
358 4381 533 4426 succurrere.
848 4363 957 4422 idcireo
976 4364 1036 4435 jam
1059 4378 1149 4436 prave
