2918 4868
622 270 855 339 -tot-

392 449 422 506 2.
445 445 529 506 Celsa
549 451 579 505 te
600 447 691 507 virtus
713 448 834 508 rutilans
855 453 975 526 serenet,

442 533 549 591 Rectus
570 542 704 593 aeternus
723 535 842 594 visitans
858 540 1002 608 perornet,

441 618 541 690 Omne,
564 619 640 692 quod
660 619 788 693 prodest
812 621 929 681 veniens
951 620 1094 678 ministret

486 703 582 762 Noxia
603 710 704 766 cesset.

391 856 420 916 3.
443 856 588 930 Quidquid
611 862 656 915 est
678 874 786 930 verum,
810 858 903 931 pietas
924 858 1057 917 honestet

442 940 587 1014 Quidquid
610 949 655 1000 est
673 943 789 1020 justum,
812 944 964 1002 moderans
988 948 1127 1016 venustet,

441 1026 587 1099 Quidquid
609 1038 654 1088 est
675 1034 814 1101 sanctum,
837 1030 984 1102 gratulans
1006 1036 1133 1105 coronet,

486 1111 611 1171 Sordida
632 1113 759 1175 mundet.

390 1268 419 1325 4.
443 1266 487 1325 Sit
509 1267 572 1325 Deo
593 1268 670 1340 patri
693 1269 781 1326 decus
802 1275 888 1341 atque
910 1273 986 1342 nato,

443 1352 567 1425 Spiritus
588 1353 656 1411 alnd
677 1354 788 1426 pariter
809 1354 916 1430 decori,

436 1438 509 1497 ·Una
530 1438 665 1510 maiestas
687 1444 769 1514 regat
786 1445 816 1497 et
837 1439 976 1513 gubernet

487 1523 547 1582 Nos
569 1523 653 1582 simul
675 1540 782 1584 omnes.

211 1657 286 1705 brev.
311 1655 542 1720 Calagurritanum
565 1664 592 1708 et
613 1660 778 1710 Uulsiniense
801 1661 864 1724 imp.
883 1659 1017 1709 Lucronii.
1045 1655 1117 1710 1543.
1136 1661 1167 1708 A.
1195 1685 1226 1692 -
1245 1659 1322 1708 Brev.

141 1723 310 1774 Cordubense
330 1727 391 1789 imp.
411 1727 461 1775 His
480 1725 516 1775 ali
538 1723 611 1776 1524.
632 1729 659 1777 B.
682 1753 712 1763 -
729 1727 770 1777 Ad
788 1728 893 1778 Laudes
911 1728 941 1777 B.
959 1753 992 1761 —
1012 1723 1037 1789 2,
1057 1724 1069 1777 l
1090 1732 1194 1778 serenat
1210 1727 1264 1776 AB.
1284 1756 1317 1763 —

140 1788 385 1910 {hssffiomath
405 1821 436 1828 -
472 1831 478 1854 ,
497 1791 514 1843 3
532 1797 665 1846 ministrat
676 1796 705 1846 Δ.
723 1822 758 1831 —
775 1792 829 1857 2,4
849 1802 936 1847 cassat
947 1798 978 1845 A.
992 1821 1025 1831 -
1043 1793 1067 1855 3,
1087 1794 1099 1845 l
1120 1812 1176 1861 sqq.
1194 1795 1318 1845 honestat

491 2113 541 2172 tol.
576 2114 615 2171 be
632 2130 654 2172 s.
672 2113 812 2173 Dominieo
830 2114 993 2172 Exsilieusi.

642 2268 684 2321 Ad
702 2269 816 2324 Laudes.

146 2429 174 2488 i.
200 2429 329 2500 Hymnus
352 2436 482 2488 cantetur
504 2430 589 2488 hodie
761 2435 789 2493 3.
813 2432 901 2503 Cujus
924 2446 1008 2489 curae
1031 2428 1217 2488 committitur

199 2512 314 2573 Christo
336 2515 396 2587 regi
419 2515 584 2586 melodicus,
813 2517 865 2575 Dei
888 2516 987 2574 metris
1006 2514 1136 2586 ecclesia,

198 2600 232 2658 In
255 2601 335 2671 oujns
357 2600 423 2659 aula
444 2601 552 2674 gloriae
812 2602 869 2660 Per
890 2618 953 2660 eum
974 2619 1038 2660 mox
1061 2600 1190 2658 reficitur

196 2686 261 2745 Jam
281 2684 386 2756 jubilat
411 2687 583 2744 Dominicus.
811 2687 851 2745 Et
873 2686 1065 2746 reformantur
1085 2687 1189 2747 omnia.

146 2841 177 2900 2.
200 2839 273 2911 Vits,
297 2840 394 2909 verbo,
417 2842 556 2914 prodigiis
762 2846 789 2901 4.
816 2843 937 2901 Carnem
960 2844 1076 2900 domare
1098 2842 1210 2900 studuit

201 2924 256 2982 Hic
275 2921 358 2984 fuisit
379 2927 408 2983 in
431 2926 581 2999 Hispania,
814 2929 915 2985 Mundi
939 2927 1086 2985 declinans
1108 2927 1226 2998 sceiere,

202 3009 288 3067 Bonis
310 3010 431 3070 vacabat
452 3013 555 3072 studiis
813 3012 862 3071 Sic
883 3014 963 3084 vixit,
987 3014 1061 3070 sicut
1083 3012 1189 3084 docuit,

200 3095 256 3153 Hic
277 3112 391 3169 semper
411 3096 448 3154 eb
470 3094 603 3159 infantia.
810 3098 913 3158 Verbis
931 3098 1107 3156 concordans
1129 3114 1225 3170 opere.

504 3237 531 3295 5.
555 3234 643 3304 Patri,
666 3241 743 3306 nato,
765 3234 906 3307 paraclito

554 3318 657 3391 Decus,
681 3319 772 3378 honor
793 3326 822 3377 et
844 3319 944 3393 gloria,
997 3357 999 3363 r

554 3404 752 3478 Dominicique
775 3405 877 3462 metito

554 3488 611 3547 Det
633 3490 715 3549 nobis
738 3490 868 3549 Christus
889 3490 1002 3563 gaudia.

214 3624 290 3673 Brcv.
303 3622 531 3690 Calagumituunm
551 3630 577 3673 et
589 3625 753 3675 Celeiatense
771 3627 833 3690 imp.
843 3626 968 3676 Lucronii
984 3620 1058 3674 1543.
1070 3653 1100 3660 -
1114 3624 1165 3674 cfr.
1180 3626 1321 3675 Sebastiam

144 3690 177 3741 de
195 3693 320 3758 Vergars,
337 3693 408 3742 Vidn
424 3709 442 3756 y
460 3694 588 3758 Miiagros
607 3694 638 3743 de
656 3695 681 3743 el
700 3695 898 3759 Thaumaturgo
916 3692 1035 3758 Espaiiol
1053 3729 1059 3741 .
1079 3728 1085 3740 .
1104 3728 1110 3740 .
1130 3694 1156 3742 S.
1177 3695 1320 3759 Dominigo

143 3760 245 3810 Mauso.
267 3761 372 3810 Msdrid
401 3757 478 3821 1736,
507 3778 531 3827 p.
550 3758 615 3825 4533
642 3778 701 3812 uus:
730 3762 867 3822 „Officium
894 3764 977 3811 sancti
1000 3762 1145 3819 Dominici‚
1174 3763 1320 3825 sistiquitns

143 3829 248 3879 recitari
272 3830 394 3889 solitum,
418 3829 488 3896 quod
507 3837 534 3880 et
552 3830 636 3880 literis
654 3831 775 3881 Gothicis
793 3836 928 3881 exaratum
952 3832 980 3879 in
997 3832 1155 3879 monasterio
1174 3830 1320 3880 Exsiliensi

142 3897 317 3947 nscwaw
352 3899 471 3964 Versrga
492 3898 539 3948 hut
562 3914 611 3948 uns
634 3899 702 3948 noch
721 3902 779 3950 eine
798 3900 881 3949 Reibe
899 3899 1008 3949 anderen
1026 3899 1148 3962 Hymnen
1167 3899 1215 3948 sui
1229 3897 1319 3948 diesen

143 3966 266 4031 Heiligsu
285 3966 456 4027 ausbewahrt,
475 3967 560 4017 denen
577 3967 619 4016 ich
637 3968 797 4017 auderwiirts
810 3967 1019 4033 nichtbegegnet
1031 3966 1083 4016 bin.
1114 3967 1169 4017 Der
1183 3965 1318 4016 husdrnck

141 4031 226 4084 literis
242 4034 363 4086 Gothicis
382 4037 417 4084 ist
434 4035 599 4100 sociosne&
617 4035 704 4086 isdem
723 4053 751 4086 er
768 4036 868 4086 sowohi
886 4035 928 4085 die
941 4052 961 4084 s.
974 4052 997 4099 g.
1012 4034 1103 4101 cckige
1114 4034 1320 4084 hihnchsschrit't

141 4103 182 4152 als
204 4104 271 4153 atich
295 4105 337 4154 die
360 4103 562 4169 westgothische
583 4104 800 4168 (mozarabische)
816 4103 1035 4155 Nationaischriih
1060 4103 1219 4153 bezeichnen
1237 4103 1318 4152 kunst.

140 4172 187 4221 leh
214 4171 325 4236 glaube,
355 4171 413 4222 dass
439 4189 467 4223 er
493 4175 521 4222 in
546 4178 669 4223 craterem
695 4174 776 4222 Sinne
801 4173 979 4229 somniassem
1008 4173 1041 4221 du
1066 4172 1112 4222 der
1136 4171 1318 4236 ausgebildetc

140 4240 290 4290 mdnnliche
302 4242 378 4292 Reim
396 4242 444 4290 aui
460 4244 517 4291 eine
531 4242 587 4291 Zeit
600 4245 681 4301 weist,
701 4258 741 4290 wo
760 4243 808 4291 mit
825 4242 884 4292 dem
897 4241 973 4290 Ritus
984 4240 1051 4290 such
1063 4240 1106 4290 die
1120 4239 1318 4289 mozarabische

139 4307 240 4359 §cuttu
258 4309 464 4360 verschwnnden
483 4326 545 4361 war.
564 4340 596 4347 —
616 4313 662 4360 Bei
681 4312 799 4377 Verarga
813 4310 878 4360 wird
896 4309 942 4358 der
960 4310 1081 4372 Hymnus
1100 4308 1179 4373 Vesp.
1199 4312 1226 4357 et
1243 4307 1318 4357 Nost

140 4377 275 4444 sugemus
