<?xml version="1.0" encoding="UTF-8"?>
<!DOCTYPE html PUBLIC "-//W3C//DTD XHTML 1.0 Transitional//EN"
    "http://www.w3.org/TR/xhtml1/DTD/xhtml1-transitional.dtd">
<html xmlns="http://www.w3.org/1999/xhtml" xml:lang="en" lang="en">
 <head>
  <title>
</title>
<meta http-equiv="Content-Type" content="text/html;charset=utf-8" />
  <meta name='ocr-system' content='tesseract 3.04.00' />
  <meta name='ocr-capabilities' content='ocr_page ocr_carea ocr_par ocr_line ocrx_word'/>
</head>
<body>
  <div class='ocr_page' id='page_1' title='image "./hymnodiahiberic00drevgoog_0226.png"; bbox 0 0 2918 4868; ppageno 0'>
   <div class='ocr_carea' id='block_1_1' title="bbox 610 281 840 347">
    <p class='ocr_par' dir='ltr' id='par_1_1' title="bbox 610 281 840 347">
     <span class='ocr_line' id='line_1_1' title="bbox 610 281 840 347; baseline -0.004 0"><span class='ocrx_word' id='word_1_1' title='bbox 610 281 840 347; x_wconf 84' lang='lat'>-219-</span> 
     </span>
    </p>
   </div>
   <div class='ocr_carea' id='block_1_2' title="bbox 388 454 1050 786">
    <p class='ocr_par' dir='ltr' id='par_1_2' title="bbox 388 454 1050 786">
     <span class='ocr_line' id='line_1_2' title="bbox 388 454 1011 529; baseline 0 -15"><span class='ocrx_word' id='word_1_2' title='bbox 388 457 417 514; x_wconf 90' lang='grc'>3.</span> <span class='ocrx_word' id='word_1_3' title='bbox 441 454 530 513; x_wconf 87' lang='lat' dir='ltr'>Caras</span> <span class='ocrx_word' id='word_1_4' title='bbox 553 454 736 528; x_wconf 73' lang='lat' dir='ltr'>multiplices,</span> <span class='ocrx_word' id='word_1_5' title='bbox 761 461 869 526; x_wconf 84' lang='lat' dir='ltr'>sancta,</span> <span class='ocrx_word' id='word_1_6' title='bbox 893 462 1011 529; x_wconf 82' lang='lat' dir='ltr'>repente</span> 
     </span>
     <span class='ocr_line' id='line_1_3' title="bbox 441 540 1050 615; baseline 0.003 -17"><span class='ocrx_word' id='word_1_7' title='bbox 441 540 606 613; x_wconf 87' lang='lat' dir='ltr'>Languores</span> <span class='ocrx_word' id='word_1_8' title='bbox 629 540 783 614; x_wconf 89' lang='lat' dir='ltr'>bominum,</span> <span class='ocrx_word' id='word_1_9' title='bbox 804 541 935 615; x_wconf 88' lang='lat' dir='ltr'>supplice</span> <span class='ocrx_word' id='word_1_10' title='bbox 956 547 1050 600; x_wconf 86' lang='lat' dir='ltr'>mente</span> 
     </span>
     <span class='ocr_line' id='line_1_4' title="bbox 441 625 970 706; baseline 0.006 -23"><span class='ocrx_word' id='word_1_11' title='bbox 441 625 510 683; x_wconf 86' lang='lat' dir='ltr'>Cum</span> <span class='ocrx_word' id='word_1_12' title='bbox 530 626 608 697; x_wconf 90' lang='lat' dir='ltr'>juste</span> <span class='ocrx_word' id='word_1_13' title='bbox 629 627 739 699; x_wconf 90' lang='lat' dir='ltr'>petitur</span> <span class='ocrx_word' id='word_1_14' title='bbox 761 643 814 701; x_wconf 89' lang='lat' dir='ltr'>pro</span> <span class='ocrx_word' id='word_1_15' title='bbox 835 627 970 706; x_wconf 77' lang='lat' dir='ltr'>patiente,</span> 
     </span>
     <span class='ocr_line' id='line_1_5' title="bbox 440 710 1007 786; baseline 0.016 -18"><span class='ocrx_word' id='word_1_16' title='bbox 440 710 545 784; x_wconf 81' lang='lat' dir='ltr'>Sospes</span> <span class='ocrx_word' id='word_1_17' title='bbox 568 712 668 785; x_wconf 80' lang='lat' dir='ltr'>surgit,</span> <span class='ocrx_word' id='word_1_18' title='bbox 689 711 752 771; x_wconf 91' lang='lat' dir='ltr'>abit</span> <span class='ocrx_word' id='word_1_19' title='bbox 775 713 859 786; x_wconf 81' lang='lat' dir='ltr'>plebe</span> <span class='ocrx_word' id='word_1_20' title='bbox 881 713 1007 777; x_wconf 84' lang='lat' dir='ltr'>vidente.</span> 
     </span>
    </p>
   </div>
   <div class='ocr_carea' id='block_1_3' title="bbox 386 881 994 1214">
    <p class='ocr_par' dir='ltr' id='par_1_3' title="bbox 386 881 994 1214">
     <span class='ocr_line' id='line_1_6' title="bbox 386 881 994 962; baseline 0.002 -20"><span class='ocrx_word' id='word_1_21' title='bbox 386 886 414 942; x_wconf 89' lang='lat'>4.</span> <span class='ocrx_word' id='word_1_22' title='bbox 439 881 544 955; x_wconf 79' lang='lat' dir='ltr'>Stirpis</span> <span class='ocrx_word' id='word_1_23' title='bbox 567 881 725 940; x_wconf 88' lang='lat' dir='ltr'>Davidioae</span> <span class='ocrx_word' id='word_1_24' title='bbox 748 882 835 955; x_wconf 89' lang='lat' dir='ltr'>digna</span> <span class='ocrx_word' id='word_1_25' title='bbox 856 900 994 962; x_wconf 81' lang='lat' dir='ltr'>propago,</span> 
     </span>
     <span class='ocr_line' id='line_1_7' title="bbox 441 965 936 1045; baseline 0.01 -20"><span class='ocrx_word' id='word_1_26' title='bbox 441 966 541 1040; x_wconf 88' lang='lat' dir='ltr'>Giguis</span> <span class='ocrx_word' id='word_1_27' title='bbox 564 965 708 1041; x_wconf 83' lang='lat' dir='ltr'>pacificos,</span> <span class='ocrx_word' id='word_1_28' title='bbox 731 969 811 1041; x_wconf 83' lang='lat' dir='ltr'><strong>pacis</strong></span> <span class='ocrx_word' id='word_1_29' title='bbox 833 970 936 1045; x_wconf 87' lang='lat' dir='ltr'>imago,</span> 
     </span>
     <span class='ocr_line' id='line_1_8' title="bbox 439 1052 963 1128; baseline 0.008 -18"><span class='ocrx_word' id='word_1_30' title='bbox 439 1052 483 1110; x_wconf 88' lang='lat' dir='ltr'>Ne</span> <span class='ocrx_word' id='word_1_31' title='bbox 504 1069 555 1111; x_wconf 88' lang='lat' dir='ltr'>nos</span> <span class='ocrx_word' id='word_1_32' title='bbox 579 1052 720 1127; x_wconf 78' lang='lat' dir='ltr'>deglutiat</span> <span class='ocrx_word' id='word_1_33' title='bbox 741 1069 826 1113; x_wconf 87' lang='lat' dir='ltr'>saeva</span> <span class='ocrx_word' id='word_1_34' title='bbox 848 1071 963 1128; x_wconf 86' lang='lat' dir='ltr'>vorago,</span> 
     </span>
     <span class='ocr_line' id='line_1_9' title="bbox 439 1136 940 1214; baseline 0.01 -18"><span class='ocrx_word' id='word_1_35' title='bbox 439 1136 566 1197; x_wconf 88' lang='lat' dir='ltr'>Defensa</span> <span class='ocrx_word' id='word_1_36' title='bbox 587 1138 731 1213; x_wconf 87' lang='lat' dir='ltr'>precibus,</span> <span class='ocrx_word' id='word_1_37' title='bbox 754 1140 810 1212; x_wconf 88' lang='lat' dir='ltr'>eja,</span> <span class='ocrx_word' id='word_1_38' title='bbox 833 1140 940 1214; x_wconf 79' lang='lat' dir='ltr'>virago.</span> 
     </span>
    </p>
   </div>
   <div class='ocr_carea' id='block_1_4' title="bbox 388 1309 1011 1641">
    <p class='ocr_par' dir='ltr' id='par_1_4' title="bbox 388 1309 1011 1641">
     <span class='ocr_line' id='line_1_10' title="bbox 388 1309 960 1389; baseline 0 -20"><span class='ocrx_word' id='word_1_39' title='bbox 388 1314 414 1369; x_wconf 80' lang='lat'>5.</span> <span class='ocrx_word' id='word_1_40' title='bbox 436 1309 557 1380; x_wconf 83' lang='lat' dir='ltr'>Mariae,</span> <span class='ocrx_word' id='word_1_41' title='bbox 579 1310 711 1389; x_wconf 88' lang='lat' dir='ltr'>petimus,</span> <span class='ocrx_word' id='word_1_42' title='bbox 733 1311 833 1369; x_wconf 87' lang='lat' dir='ltr'>matris</span> <span class='ocrx_word' id='word_1_43' title='bbox 853 1326 960 1383; x_wconf 82' lang='lat' dir='ltr'>amore,</span> 
     </span>
     <span class='ocr_line' id='line_1_11' title="bbox 437 1395 983 1474; baseline 0 -21"><span class='ocrx_word' id='word_1_44' title='bbox 437 1395 525 1466; x_wconf 88' lang='lat' dir='ltr'>Cujus</span> <span class='ocrx_word' id='word_1_45' title='bbox 542 1400 573 1453; x_wconf 90' lang='lat' dir='ltr'>tu</span> <span class='ocrx_word' id='word_1_46' title='bbox 595 1411 678 1454; x_wconf 90' lang='lat' dir='ltr'>soror</span> <span class='ocrx_word' id='word_1_47' title='bbox 699 1411 730 1453; x_wconf 90' lang='lat' dir='ltr'>es</span> <span class='ocrx_word' id='word_1_48' title='bbox 752 1396 846 1470; x_wconf 81' lang='lat' dir='ltr'>impar</span> <span class='ocrx_word' id='word_1_49' title='bbox 867 1397 983 1474; x_wconf 80' lang='lat' dir='ltr'>honore,</span> 
     </span>
     <span class='ocr_line' id='line_1_12' title="bbox 439 1480 996 1557; baseline 0.002 -19"><span class='ocrx_word' id='word_1_50' title='bbox 439 1480 578 1539; x_wconf 87' lang='lat' dir='ltr'>Natorum</span> <span class='ocrx_word' id='word_1_51' title='bbox 600 1480 744 1554; x_wconf 84' lang='lat' dir='ltr'>precibus,</span> <span class='ocrx_word' id='word_1_52' title='bbox 769 1499 839 1554; x_wconf 89' lang='lat' dir='ltr'>quos</span> <span class='ocrx_word' id='word_1_53' title='bbox 862 1483 996 1557; x_wconf 80' lang='lat' dir='ltr'>genuisti,</span> 
     </span>
     <span class='ocr_line' id='line_1_13' title="bbox 439 1566 1011 1641; baseline 0.005 -16"><span class='ocrx_word' id='word_1_54' title='bbox 439 1566 502 1625; x_wconf 91' lang='lat' dir='ltr'>Duc</span> <span class='ocrx_word' id='word_1_55' title='bbox 524 1583 576 1625; x_wconf 93' lang='lat' dir='ltr'>nos</span> <span class='ocrx_word' id='word_1_56' title='bbox 598 1567 636 1626; x_wconf 86' lang='lat' dir='ltr'>ad</span> <span class='ocrx_word' id='word_1_57' title='bbox 658 1567 747 1641; x_wconf 87' lang='lat' dir='ltr'>geniti</span> <span class='ocrx_word' id='word_1_58' title='bbox 768 1568 873 1641; x_wconf 87' lang='lat' dir='ltr'>gaudia</span> <span class='ocrx_word' id='word_1_59' title='bbox 894 1568 1011 1629; x_wconf 86' lang='lat' dir='ltr'>Christi.</span> 
     </span>
    </p>
   </div>
   <div class='ocr_carea' id='block_1_5' title="bbox 385 1735 1023 2065">
    <p class='ocr_par' dir='ltr' id='par_1_5' title="bbox 385 1735 1023 2065">
     <span class='ocr_line' id='line_1_14' title="bbox 385 1735 955 1811; baseline 0.004 -16"><span class='ocrx_word' id='word_1_60' title='bbox 385 1739 415 1796; x_wconf 86' lang='grc'>6.</span> <span class='ocrx_word' id='word_1_61' title='bbox 439 1735 483 1794; x_wconf 90' lang='lat' dir='ltr'>Sit</span> <span class='ocrx_word' id='word_1_62' title='bbox 505 1737 582 1808; x_wconf 91' lang='lat' dir='ltr'>patri</span> <span class='ocrx_word' id='word_1_63' title='bbox 605 1737 691 1796; x_wconf 92' lang='lat' dir='ltr'>decus</span> <span class='ocrx_word' id='word_1_64' title='bbox 714 1742 743 1795; x_wconf 89' lang='lat' dir='ltr'>et</span> <span class='ocrx_word' id='word_1_65' title='bbox 764 1737 856 1811; x_wconf 88' lang='lat' dir='ltr'>gloria</span> <span class='ocrx_word' id='word_1_66' title='bbox 877 1745 955 1811; x_wconf 87' lang='lat' dir='ltr'>nato,</span> 
     </span>
     <span class='ocr_line' id='line_1_15' title="bbox 438 1821 897 1897; baseline 0.002 -17"><span class='ocrx_word' id='word_1_67' title='bbox 438 1821 544 1881; x_wconf 89' lang='lat' dir='ltr'>Sancto</span> <span class='ocrx_word' id='word_1_68' title='bbox 566 1822 680 1895; x_wconf 84' lang='lat' dir='ltr'>spiritui</span> <span class='ocrx_word' id='word_1_69' title='bbox 702 1823 795 1896; x_wconf 86' lang='lat' dir='ltr'>gratia</span> <span class='ocrx_word' id='word_1_70' title='bbox 815 1829 897 1897; x_wconf 90' lang='lat' dir='ltr'>grato</span> 
     </span>
     <span class='ocr_line' id='line_1_16' title="bbox 440 1907 1021 1982; baseline 0.003 -17"><span class='ocrx_word' id='word_1_71' title='bbox 440 1907 524 1965; x_wconf 90' lang='lat' dir='ltr'>Nunc</span> <span class='ocrx_word' id='word_1_72' title='bbox 544 1914 572 1965; x_wconf 90' lang='lat' dir='ltr'>et</span> <span class='ocrx_word' id='word_1_73' title='bbox 595 1911 729 1967; x_wconf 90' lang='lat' dir='ltr'>continue</span> <span class='ocrx_word' id='word_1_74' title='bbox 750 1925 864 1982; x_wconf 91' lang='lat' dir='ltr'>semper</span> <span class='ocrx_word' id='word_1_75' title='bbox 887 1916 914 1967; x_wconf 87' lang='lat' dir='ltr'>et</span> <span class='ocrx_word' id='word_1_76' title='bbox 935 1910 1021 1981; x_wconf 88' lang='lat' dir='ltr'>ultra,</span> 
     </span>
     <span class='ocr_line' id='line_1_17' title="bbox 433 1994 1023 2065; baseline 0.007 -15"><span class='ocrx_word' id='word_1_77' title='bbox 433 1994 488 2065; x_wconf 81' lang='lat' dir='ltr'>Qui</span> <span class='ocrx_word' id='word_1_78' title='bbox 511 1994 581 2052; x_wconf 86' lang='lat' dir='ltr'>vivit.</span> <span class='ocrx_word' id='word_1_79' title='bbox 604 1994 755 2053; x_wconf 89' lang='lat' dir='ltr'>moderans</span> <span class='ocrx_word' id='word_1_80' title='bbox 777 1995 892 2053; x_wconf 85' lang='lat' dir='ltr'>saecula</span> <span class='ocrx_word' id='word_1_81' title='bbox 913 2000 1023 2056; x_wconf 84' lang='lat' dir='ltr'>cuncta.</span> 
     </span>
    </p>
   </div>
   <div class='ocr_carea' id='block_1_6' title="bbox 138 2126 1316 2396">
    <p class='ocr_par' dir='ltr' id='par_1_6' title="bbox 139 2126 1316 2384">
     <span class='ocr_line' id='line_1_18' title="bbox 208 2126 1316 2193; baseline 0.004 -17"><span class='ocrx_word' id='word_1_82' title='bbox 208 2127 284 2177; x_wconf 89' lang='lat' dir='ltr'>Brev.</span> <span class='ocrx_word' id='word_1_83' title='bbox 304 2143 351 2176; x_wconf 80' lang='lat' dir='ltr'>rna.</span> <span class='ocrx_word' id='word_1_84' title='bbox 370 2126 611 2192; x_wconf 76' lang='lat' dir='ltr'>compostellanum</span> <span class='ocrx_word' id='word_1_85' title='bbox 631 2144 699 2178; x_wconf 87' lang='lat' dir='ltr'>saec.</span> <span class='ocrx_word' id='word_1_86' title='bbox 720 2126 759 2177; x_wconf 88' lang='lat'>15.</span> <span class='ocrx_word' id='word_1_87' title='bbox 777 2128 840 2178; x_wconf 86' lang='lat' dir='ltr'>Cod</span> <span class='ocrx_word' id='word_1_88' title='bbox 859 2127 944 2193; x_wconf 84' lang='lat' dir='ltr'>Capit</span> <span class='ocrx_word' id='word_1_89' title='bbox 963 2128 1132 2193; x_wconf 78' lang='lat' dir='ltr'>compostell.</span> <span class='ocrx_word' id='word_1_90' title='bbox 1151 2145 1171 2178; x_wconf 85' lang='lat' dir='ltr'>s.</span> <span class='ocrx_word' id='word_1_91' title='bbox 1190 2145 1216 2179; x_wconf 91' lang='lat' dir='ltr'>n</span> <span class='ocrx_word' id='word_1_92' title='bbox 1234 2130 1265 2179; x_wconf 81' lang='lat' dir='ltr'>A.</span> <span class='ocrx_word' id='word_1_93' title='bbox 1284 2156 1316 2164; x_wconf 93' lang='lat'>-</span> 
     </span>
     <span class='ocr_line' id='line_1_19' title="bbox 143 2194 1315 2262; baseline 0.002 -17"><span class='ocrx_word' id='word_1_94' title='bbox 143 2198 217 2246; x_wconf 80' lang='lat' dir='ltr'>lirev.</span> <span class='ocrx_word' id='word_1_95' title='bbox 243 2196 482 2261; x_wconf 73' lang='lat' dir='ltr'>compostellanum</span> <span class='ocrx_word' id='word_1_96' title='bbox 513 2197 574 2261; x_wconf 94' lang='lat' dir='ltr'>imp.</span> <span class='ocrx_word' id='word_1_97' title='bbox 599 2197 757 2262; x_wconf 84' lang='lat' dir='ltr'>Ulisiponae</span> <span class='ocrx_word' id='word_1_98' title='bbox 785 2194 858 2247; x_wconf 79' lang='lat'>1497.</span> <span class='ocrx_word' id='word_1_99' title='bbox 882 2199 971 2247; x_wconf 74' lang='lat' dir='ltr'>D-</span> <span class='ocrx_word' id='word_1_100' title='bbox 994 2198 1070 2247; x_wconf 87' lang='lat' dir='ltr'>Brev.</span> <span class='ocrx_word' id='word_1_101' title='bbox 1097 2198 1260 2247; x_wconf 81' lang='lat' dir='ltr'>Auriouse&#39;</span> <span class='ocrx_word' id='word_1_102' title='bbox 1253 2214 1315 2262; x_wconf 91' lang='lat' dir='ltr'>rmp</span> 
     </span>
     <span class='ocr_line' id='line_1_20' title="bbox 138 2261 1315 2396; baseline 0.002 -83.002"><span class='ocrx_word' id='word_1_103' title='bbox 138 2265 316 2314; x_wconf 68' lang='lat' dir='ltr'>salmanticae</span> <span class='ocrx_word' id='word_1_104' title='bbox 337 2261 410 2314; x_wconf 87' lang='lat'>1501.</span> <span class='ocrx_word' id='word_1_105' title='bbox 429 2264 508 2313; x_wconf 84' lang='lat' dir='ltr'>C.-</span> <span class='ocrx_word' id='word_1_106' title='bbox 527 2265 603 2315; x_wconf 87' lang='lat' dir='ltr'>Brev.</span> <span class='ocrx_word' id='word_1_107' title='bbox 617 2264 680 2314; x_wconf 79' lang='lat' dir='ltr'>Gom</span> <span class='ocrx_word' id='word_1_108' title='bbox 656 2265 883 2396; x_wconf 49' lang='lat' dir='ltr'>maposiollanum</span> <span class='ocrx_word' id='word_1_109' title='bbox 875 2282 957 2331; x_wconf 85' lang='lat' dir='ltr'>rmp.</span> <span class='ocrx_word' id='word_1_110' title='bbox 930 2265 1127 2315; x_wconf 80' lang='lat' dir='ltr'>.Salmauticae</span> <span class='ocrx_word' id='word_1_111' title='bbox 1148 2262 1220 2316; x_wconf 71' lang='lat'>1069.</span> <span class='ocrx_word' id='word_1_112' title='bbox 1235 2267 1266 2315; x_wconf 88' lang='grc' dir='ltr'>Ι)</span> <span class='ocrx_word' id='word_1_113' title='bbox 1284 2294 1315 2302; x_wconf 88' lang='grc'><strong>-</strong></span> 
     </span>
    </p>
   </div>
   <div class='ocr_carea' id='block_1_7' title="bbox 138 2329 1318 2462">
    <p class='ocr_par' dir='ltr' id='par_1_7' title="bbox 138 2329 1318 2462">
     <span class='ocr_line' id='line_1_21' title="bbox 138 2329 1318 2462; baseline 0.002 -80"><span class='ocrx_word' id='word_1_114' title='bbox 138 2329 529 2462; x_wconf 56' lang='lat' dir='ltr'>2⁹31-cuj¹¹1¹11m·⁸u11⁰im</span> <span class='ocrx_word' id='word_1_115' title='bbox 549 2334 653 2383; x_wconf 85' lang='lat' dir='ltr'>BD.-</span> <span class='ocrx_word' id='word_1_116' title='bbox 716 2330 918 2399; x_wconf 76' lang='lat' dir='ltr'>2supplici133</span> <span class='ocrx_word' id='word_1_117' title='bbox 942 2335 1318 2399; x_wconf 81' lang='lat' dir='ltr'>supplicetA3menteie111t</span> 
     </span>
     <span class='ocr_line' id='line_1_22' title="bbox 243 2399 403 2450; baseline 0.006 -1.032"><span class='ocrx_word' id='word_1_118' title='bbox 243 2399 257 2449; x_wconf 74' lang='lat' dir='ltr'>a</span> <span class='ocrx_word' id='word_1_119' title='bbox 346 2416 403 2450; x_wconf 89' lang='lat' dir='ltr'>arra</span> 
     </span>
    </p>
   </div>
   <div class='ocr_carea' id='block_1_8' title="bbox 537 2652 923 2712">
    <p class='ocr_par' dir='ltr' id='par_1_8' title="bbox 537 2652 923 2712">
     <span class='ocr_line' id='line_1_23' title="bbox 537 2652 923 2712; baseline 0 -2"><span class='ocrx_word' id='word_1_120' title='bbox 537 2654 597 2711; x_wconf 84' lang='lat'>385.</span> <span class='ocrx_word' id='word_1_121' title='bbox 633 2653 671 2710; x_wconf 89' lang='lat' dir='ltr'>De</span> <span class='ocrx_word' id='word_1_122' title='bbox 689 2657 789 2712; x_wconf 88' lang='lat' dir='ltr'>sancta</span> <span class='ocrx_word' id='word_1_123' title='bbox 806 2652 923 2711; x_wconf 83' lang='lat' dir='ltr'>blasina.</span> 
     </span>
    </p>
   </div>
   <div class='ocr_carea' id='block_1_9' title="bbox 627 2809 829 2880">
    <p class='ocr_par' dir='ltr' id='par_1_9' title="bbox 627 2809 829 2880">
     <span class='ocr_line' id='line_1_24' title="bbox 627 2809 829 2880; baseline -0.005 -16"><span class='ocrx_word' id='word_1_124' title='bbox 627 2809 671 2864; x_wconf 85' lang='lat' dir='ltr'>Ad</span> <span class='ocrx_word' id='word_1_125' title='bbox 688 2810 829 2880; x_wconf 83' lang='lat' dir='ltr'>Vesperas.</span> 
     </span>
    </p>
   </div>
   <div class='ocr_carea' id='block_1_10' title="bbox 145 2966 1211 3299">
    <p class='ocr_par' dir='ltr' id='par_1_10' title="bbox 145 2966 1211 3299">
     <span class='ocr_line' id='line_1_25' title="bbox 145 2966 1211 3042; baseline -0.002 -14"><span class='ocrx_word' id='word_1_126' title='bbox 145 2968 171 3032; x_wconf 92' lang='lat'>1.</span> <span class='ocrx_word' id='word_1_127' title='bbox 194 2968 308 3026; x_wconf 79' lang='lat' dir='ltr'>landes</span> <span class='ocrx_word' id='word_1_128' title='bbox 330 2966 461 3025; x_wconf 83' lang='lat' dir='ltr'>Marinae</span> <span class='ocrx_word' id='word_1_129' title='bbox 484 2968 601 3040; x_wconf 86' lang='lat' dir='ltr'>virginis</span> <span class='ocrx_word' id='word_1_130' title='bbox 756 2973 785 3029; x_wconf 82' lang='lat'>4.</span> <span class='ocrx_word' id='word_1_131' title='bbox 809 2968 857 3027; x_wconf 83' lang='lat' dir='ltr'>Nil</span> <span class='ocrx_word' id='word_1_132' title='bbox 880 2985 969 3042; x_wconf 86' lang='lat' dir='ltr'>aeque</span> <span class='ocrx_word' id='word_1_133' title='bbox 992 2969 1065 3029; x_wconf 78' lang='lat' dir='ltr'>lianc</span> <span class='ocrx_word' id='word_1_134' title='bbox 1088 2970 1211 3029; x_wconf 81' lang='lat' dir='ltr'>ovellano</span> 
     </span>
     <span class='ocr_line' id='line_1_26' title="bbox 196 3052 1111 3131; baseline 0.001 -20"><span class='ocrx_word' id='word_1_135' title='bbox 196 3053 305 3124; x_wconf 88' lang='lat' dir='ltr'>Prome,</span> <span class='ocrx_word' id='word_1_136' title='bbox 329 3059 421 3110; x_wconf 84' lang='lat' dir='ltr'>mater</span> <span class='ocrx_word' id='word_1_137' title='bbox 441 3052 571 3123; x_wconf 87' lang='lat' dir='ltr'>ecclesia,</span> <span class='ocrx_word' id='word_1_138' title='bbox 809 3055 904 3113; x_wconf 87' lang='lat' dir='ltr'>Possit</span> <span class='ocrx_word' id='word_1_139' title='bbox 925 3071 942 3112; x_wconf 94' lang='lat' dir='ltr'>a</span> <span class='ocrx_word' id='word_1_140' title='bbox 964 3055 1018 3112; x_wconf 88' lang='lat' dir='ltr'>Dei</span> <span class='ocrx_word' id='word_1_141' title='bbox 1041 3055 1111 3131; x_wconf 85' lang='lat' dir='ltr'>filio,</span> 
     </span>
     <span class='ocr_line' id='line_1_27' title="bbox 194 3138 1180 3211; baseline 0.001 -14"><span class='ocrx_word' id='word_1_142' title='bbox 194 3139 281 3210; x_wconf 88' lang='lat' dir='ltr'>Cujus</span> <span class='ocrx_word' id='word_1_143' title='bbox 303 3139 376 3197; x_wconf 90' lang='lat' dir='ltr'>odor</span> <span class='ocrx_word' id='word_1_144' title='bbox 398 3138 558 3197; x_wconf 86' lang='lat' dir='ltr'>dulcedinis</span> <span class='ocrx_word' id='word_1_145' title='bbox 807 3139 868 3197; x_wconf 85' lang='lat' dir='ltr'>Nec</span> <span class='ocrx_word' id='word_1_146' title='bbox 890 3140 1033 3198; x_wconf 88' lang='lat' dir='ltr'>emollitur</span> <span class='ocrx_word' id='word_1_147' title='bbox 1054 3157 1180 3211; x_wconf 83' lang='lat' dir='ltr'>munero,</span> 
     </span>
     <span class='ocr_line' id='line_1_28' title="bbox 194 3223 1189 3299; baseline 0.004 -18"><span class='ocrx_word' id='word_1_148' title='bbox 194 3223 259 3281; x_wconf 89' lang='lat' dir='ltr'>Tibi</span> <span class='ocrx_word' id='word_1_149' title='bbox 283 3225 333 3282; x_wconf 86' lang='lat' dir='ltr'>dat</span> <span class='ocrx_word' id='word_1_150' title='bbox 355 3241 429 3283; x_wconf 88' lang='lat' dir='ltr'>nova</span> <span class='ocrx_word' id='word_1_151' title='bbox 451 3224 564 3297; x_wconf 81' lang='lat' dir='ltr'>gaudia</span> <span class='ocrx_word' id='word_1_152' title='bbox 808 3225 870 3283; x_wconf 89' lang='lat' dir='ltr'>Nec</span> <span class='ocrx_word' id='word_1_153' title='bbox 892 3230 1017 3283; x_wconf 88' lang='lat' dir='ltr'>terretur</span> <span class='ocrx_word' id='word_1_154' title='bbox 1038 3227 1189 3299; x_wconf 90' lang='lat' dir='ltr'>supplicio.</span> 
     </span>
    </p>
   </div>
   <div class='ocr_carea' id='block_1_11' title="bbox 142 3376 1244 3711">
    <p class='ocr_par' dir='ltr' id='par_1_11' title="bbox 142 3376 1244 3711">
     <span class='ocr_line' id='line_1_29' title="bbox 142 3376 1104 3443; baseline 0 -5"><span class='ocrx_word' id='word_1_155' title='bbox 142 3380 172 3440; x_wconf 85' lang='lat'>2.</span> <span class='ocrx_word' id='word_1_156' title='bbox 194 3379 309 3437; x_wconf 86' lang='lat' dir='ltr'>Mariua</span> <span class='ocrx_word' id='word_1_157' title='bbox 330 3379 399 3437; x_wconf 87' lang='lat' dir='ltr'>totis</span> <span class='ocrx_word' id='word_1_158' title='bbox 422 3377 531 3437; x_wconf 86' lang='lat' dir='ltr'>viribus</span> <span class='ocrx_word' id='word_1_159' title='bbox 757 3384 785 3443; x_wconf 82' lang='lat'>5.</span> <span class='ocrx_word' id='word_1_160' title='bbox 808 3378 981 3437; x_wconf 87' lang='lat' dir='ltr'>Demolieuti</span> <span class='ocrx_word' id='word_1_161' title='bbox 1002 3376 1104 3438; x_wconf 89' lang='lat' dir='ltr'>fallere</span> 
     </span>
     <span class='ocr_line' id='line_1_30' title="bbox 197 3464 1211 3540; baseline -0.001 -15"><span class='ocrx_word' id='word_1_162' title='bbox 197 3467 294 3525; x_wconf 83' lang='lat' dir='ltr'>lesum</span> <span class='ocrx_word' id='word_1_163' title='bbox 316 3465 413 3538; x_wconf 90' lang='lat' dir='ltr'>puella</span> <span class='ocrx_word' id='word_1_164' title='bbox 434 3465 572 3537; x_wconf 87' lang='lat' dir='ltr'>sequitur,</span> <span class='ocrx_word' id='word_1_165' title='bbox 809 3464 885 3523; x_wconf 89' lang='lat' dir='ltr'>Dum</span> <span class='ocrx_word' id='word_1_166' title='bbox 907 3480 963 3523; x_wconf 92' lang='lat' dir='ltr'>non</span> <span class='ocrx_word' id='word_1_167' title='bbox 984 3465 1061 3523; x_wconf 87' lang='lat' dir='ltr'>cedit</span> <span class='ocrx_word' id='word_1_168' title='bbox 1077 3464 1211 3540; x_wconf 79' lang='lat' dir='ltr'>Olybrio,</span> 
     </span>
     <span class='ocr_line' id='line_1_31' title="bbox 196 3549 1178 3622; baseline 0.003 -15"><span class='ocrx_word' id='word_1_169' title='bbox 196 3549 257 3607; x_wconf 85' lang='lat' dir='ltr'>Nec</span> <span class='ocrx_word' id='word_1_170' title='bbox 272 3550 384 3622; x_wconf 88' lang='lat' dir='ltr'>asperis</span> <span class='ocrx_word' id='word_1_171' title='bbox 406 3566 459 3608; x_wconf 91' lang='lat' dir='ltr'>nec</span> <span class='ocrx_word' id='word_1_172' title='bbox 481 3549 614 3607; x_wconf 88' lang='lat' dir='ltr'>mollibus</span> <span class='ocrx_word' id='word_1_173' title='bbox 808 3550 898 3609; x_wconf 90' lang='lat' dir='ltr'>Passa</span> <span class='ocrx_word' id='word_1_174' title='bbox 919 3550 991 3609; x_wconf 86' lang='lat' dir='ltr'>vivit</span> <span class='ocrx_word' id='word_1_175' title='bbox 1012 3552 1041 3609; x_wconf 92' lang='lat' dir='ltr'>in</span> <span class='ocrx_word' id='word_1_176' title='bbox 1062 3551 1178 3610; x_wconf 82' lang='lat' dir='ltr'>aethere</span> 
     </span>
     <span class='ocr_line' id='line_1_32' title="bbox 194 3633 1244 3711; baseline 0.004 -19"><span class='ocrx_word' id='word_1_177' title='bbox 194 3634 265 3705; x_wconf 85' lang='lat' dir='ltr'>Ejus</span> <span class='ocrx_word' id='word_1_178' title='bbox 287 3652 305 3692; x_wconf 93' lang='lat' dir='ltr'>a</span> <span class='ocrx_word' id='word_1_179' title='bbox 326 3633 384 3692; x_wconf 86' lang='lat' dir='ltr'>fide</span> <span class='ocrx_word' id='word_1_180' title='bbox 404 3634 536 3698; x_wconf 86' lang='lat' dir='ltr'>trabitur.</span> <span class='ocrx_word' id='word_1_181' title='bbox 810 3634 921 3710; x_wconf 89' lang='lat' dir='ltr'>Sponsa</span> <span class='ocrx_word' id='word_1_182' title='bbox 944 3636 1095 3709; x_wconf 84' lang='lat' dir='ltr'>conjuncta</span> <span class='ocrx_word' id='word_1_183' title='bbox 1117 3637 1244 3711; x_wconf 87' lang='lat' dir='ltr'>proprio.</span> 
     </span>
    </p>
   </div>
   <div class='ocr_carea' id='block_1_12' title="bbox 145 3789 1252 4122">
    <p class='ocr_par' dir='ltr' id='par_1_12' title="bbox 145 3789 1252 4122">
     <span class='ocr_line' id='line_1_33' title="bbox 145 3789 1252 3864; baseline 0.001 -15"><span class='ocrx_word' id='word_1_184' title='bbox 145 3791 175 3852; x_wconf 83' lang='lat'>3.</span> <span class='ocrx_word' id='word_1_185' title='bbox 201 3789 287 3862; x_wconf 86' lang='lat' dir='ltr'>Virgo</span> <span class='ocrx_word' id='word_1_186' title='bbox 308 3789 386 3846; x_wconf 87' lang='lat' dir='ltr'>mitis</span> <span class='ocrx_word' id='word_1_187' title='bbox 408 3795 437 3846; x_wconf 84' lang='lat' dir='ltr'>et</span> <span class='ocrx_word' id='word_1_188' title='bbox 458 3789 573 3848; x_wconf 91' lang='lat' dir='ltr'>humilis</span> <span class='ocrx_word' id='word_1_189' title='bbox 616 3844 620 3854; x_wconf 82' lang='grc'>,</span> <span class='ocrx_word' id='word_1_190' title='bbox 757 3793 786 3851; x_wconf 87' lang='grc'>6.</span> <span class='ocrx_word' id='word_1_191' title='bbox 810 3792 871 3849; x_wconf 83' lang='lat' dir='ltr'>Rex</span> <span class='ocrx_word' id='word_1_192' title='bbox 895 3791 1009 3852; x_wconf 85' lang='lat' dir='ltr'>Christe</span> <span class='ocrx_word' id='word_1_193' title='bbox 1024 3791 1252 3864; x_wconf 83' lang='lat' dir='ltr'>clementissime,</span> 
     </span>
     <span class='ocr_line' id='line_1_34' title="bbox 196 3874 1192 3949; baseline 0.004 -17"><span class='ocrx_word' id='word_1_194' title='bbox 196 3874 309 3932; x_wconf 88' lang='lat' dir='ltr'>Christo</span> <span class='ocrx_word' id='word_1_195' title='bbox 330 3891 361 3932; x_wconf 89' lang='lat' dir='ltr'>sa</span> <span class='ocrx_word' id='word_1_196' title='bbox 383 3881 472 3934; x_wconf 82' lang='lat' dir='ltr'>totam</span> <span class='ocrx_word' id='word_1_197' title='bbox 495 3875 618 3945; x_wconf 84' lang='lat' dir='ltr'>dedicat,</span> <span class='ocrx_word' id='word_1_198' title='bbox 812 3876 926 3934; x_wconf 88' lang='lat' dir='ltr'>Nostris</span> <span class='ocrx_word' id='word_1_199' title='bbox 949 3875 1044 3936; x_wconf 87' lang='lat' dir='ltr'>faveto</span> <span class='ocrx_word' id='word_1_200' title='bbox 1067 3878 1192 3949; x_wconf 86' lang='lat' dir='ltr'>vocibus,</span> 
     </span>
     <span class='ocr_line' id='line_1_35' title="bbox 195 3960 1157 4036; baseline 0.002 -17"><span class='ocrx_word' id='word_1_201' title='bbox 195 3960 299 4033; x_wconf 84' lang='lat' dir='ltr'>Corde,</span> <span class='ocrx_word' id='word_1_202' title='bbox 321 3961 426 4036; x_wconf 86' lang='lat' dir='ltr'>lingna,</span> <span class='ocrx_word' id='word_1_203' title='bbox 451 3961 595 4019; x_wconf 90' lang='lat' dir='ltr'>miraculis</span> <span class='ocrx_word' id='word_1_204' title='bbox 809 3962 851 4022; x_wconf 85' lang='lat' dir='ltr'>Ut</span> <span class='ocrx_word' id='word_1_205' title='bbox 873 3962 989 4036; x_wconf 86' lang='lat' dir='ltr'>virginis</span> <span class='ocrx_word' id='word_1_206' title='bbox 1011 3962 1157 4036; x_wconf 86' lang='lat' dir='ltr'>piissimae</span> 
     </span>
     <span class='ocr_line' id='line_1_36' title="bbox 196 4045 1185 4122; baseline 0 -16"><span class='ocrx_word' id='word_1_207' title='bbox 196 4046 252 4106; x_wconf 88' lang='lat' dir='ltr'>Pro</span> <span class='ocrx_word' id='word_1_208' title='bbox 275 4046 336 4117; x_wconf 87' lang='lat' dir='ltr'>ejus</span> <span class='ocrx_word' id='word_1_209' title='bbox 358 4045 416 4105; x_wconf 85' lang='lat' dir='ltr'>tide</span> <span class='ocrx_word' id='word_1_210' title='bbox 439 4046 565 4109; x_wconf 87' lang='lat' dir='ltr'>dimicat.</span> <span class='ocrx_word' id='word_1_211' title='bbox 810 4047 869 4105; x_wconf 92' lang='lat' dir='ltr'>Piis</span> <span class='ocrx_word' id='word_1_212' title='bbox 888 4048 1021 4119; x_wconf 83' lang='lat' dir='ltr'>juvemur</span> <span class='ocrx_word' id='word_1_213' title='bbox 1042 4049 1185 4122; x_wconf 91' lang='lat' dir='ltr'>precibus.</span> 
     </span>
    </p>
   </div>
   <div class='ocr_carea' id='block_1_13' title="bbox 142 4177 1318 4451">
    <p class='ocr_par' dir='ltr' id='par_1_13' title="bbox 142 4177 1318 4451">
     <span class='ocr_line' id='line_1_37' title="bbox 210 4177 1317 4244; baseline 0.003 -15"><span class='ocrx_word' id='word_1_214' title='bbox 210 4182 285 4229; x_wconf 83' lang='lat' dir='ltr'>Brev.</span> <span class='ocrx_word' id='word_1_215' title='bbox 313 4195 359 4228; x_wconf 80' lang='lat' dir='ltr'>mn.</span> <span class='ocrx_word' id='word_1_216' title='bbox 382 4180 538 4230; x_wconf 86' lang='lat' dir='ltr'>Zamarenso</span> <span class='ocrx_word' id='word_1_217' title='bbox 564 4196 632 4230; x_wconf 83' lang='lat' dir='ltr'>saec.</span> <span class='ocrx_word' id='word_1_218' title='bbox 663 4177 701 4230; x_wconf 86' lang='lat'>15.</span> <span class='ocrx_word' id='word_1_219' title='bbox 728 4179 792 4229; x_wconf 73' lang='lat' dir='ltr'>(iod.</span> <span class='ocrx_word' id='word_1_220' title='bbox 817 4179 903 4244; x_wconf 81' lang='lat' dir='ltr'>Capit.</span> <span class='ocrx_word' id='word_1_221' title='bbox 928 4182 1061 4232; x_wconf 87' lang='lat' dir='ltr'>Zamoren.</span> <span class='ocrx_word' id='word_1_222' title='bbox 1089 4199 1109 4232; x_wconf 80' lang='lat' dir='ltr'>a.</span> <span class='ocrx_word' id='word_1_223' title='bbox 1136 4199 1161 4231; x_wconf 85' lang='lat' dir='ltr'>n.</span> <span class='ocrx_word' id='word_1_224' title='bbox 1189 4208 1222 4218; x_wconf 96' lang='lat'>—</span> <span class='ocrx_word' id='word_1_225' title='bbox 1250 4180 1276 4242; x_wconf 78' lang='lat'>1,</span> <span class='ocrx_word' id='word_1_226' title='bbox 1300 4180 1317 4232; x_wconf 82' lang='lat'><strong>2</strong></span> 
     </span>
     <span class='ocr_line' id='line_1_38' title="bbox 142 4245 1318 4308; baseline 0.002 -10"><span class='ocrx_word' id='word_1_227' title='bbox 142 4249 253 4299; x_wconf 79' lang='lat' dir='ltr'>ccclesia</span> <span class='ocrx_word' id='word_1_228' title='bbox 271 4247 335 4297; x_wconf 81' lang='lat' dir='ltr'>scirit</span> <span class='ocrx_word' id='word_1_229' title='bbox 352 4250 401 4299; x_wconf 90' lang='lat' dir='ltr'>lIs.</span> <span class='ocrx_word' id='word_1_230' title='bbox 419 4273 453 4283; x_wconf 95' lang='lat'><em>-</em></span> <span class='ocrx_word' id='word_1_231' title='bbox 471 4245 500 4308; x_wconf 86' lang='lat'>3,</span> <span class='ocrx_word' id='word_1_232' title='bbox 525 4246 542 4299; x_wconf 84' lang='grc'>4</span> <span class='ocrx_word' id='word_1_233' title='bbox 559 4250 611 4300; x_wconf 90' lang='lat' dir='ltr'>Pro</span> <span class='ocrx_word' id='word_1_234' title='bbox 629 4249 696 4300; x_wconf 77' lang='lat' dir='ltr'>sebit</span> <span class='ocrx_word' id='word_1_235' title='bbox 713 4250 761 4299; x_wconf 84' lang='lat' dir='ltr'>lla.</span> <span class='ocrx_word' id='word_1_236' title='bbox 784 4276 813 4281; x_wconf 96' lang='lat'>--</span> <span class='ocrx_word' id='word_1_237' title='bbox 834 4251 889 4299; x_wconf 89' lang='lat' dir='ltr'>Dor</span> <span class='ocrx_word' id='word_1_238' title='bbox 905 4252 990 4300; x_wconf 78' lang='lat' dir='ltr'>Nauae</span> <span class='ocrx_word' id='word_1_239' title='bbox 1007 4252 1112 4301; x_wconf 85' lang='lat' dir='ltr'>Mariua</span> <span class='ocrx_word' id='word_1_240' title='bbox 1130 4253 1164 4300; x_wconf 85' lang='lat' dir='ltr'>ist</span> <span class='ocrx_word' id='word_1_241' title='bbox 1182 4254 1209 4300; x_wconf 92' lang='lat' dir='ltr'>in</span> <span class='ocrx_word' id='word_1_242' title='bbox 1227 4251 1318 4300; x_wconf 85' lang='lat' dir='ltr'>diesen</span> 
     </span>
     <span class='ocr_line' id='line_1_39' title="bbox 143 4316 1318 4382; baseline 0.001 -16"><span class='ocrx_word' id='word_1_243' title='bbox 143 4317 195 4367; x_wconf 87' lang='lat' dir='ltr'>urnl</span> <span class='ocrx_word' id='word_1_244' title='bbox 218 4318 268 4367; x_wconf 86' lang='lat' dir='ltr'>den</span> <span class='ocrx_word' id='word_1_245' title='bbox 294 4316 432 4380; x_wconf 80' lang='lat' dir='ltr'>folgenden</span> <span class='ocrx_word' id='word_1_246' title='bbox 450 4319 573 4382; x_wconf 77' lang='lat' dir='ltr'>Hymnen</span> <span class='ocrx_word' id='word_1_247' title='bbox 592 4320 640 4367; x_wconf 87' lang='lat' dir='ltr'>mii</span> <span class='ocrx_word' id='word_1_248' title='bbox 656 4318 808 4369; x_wconf 81' lang='lat' dir='ltr'>Ausnalrms</span> <span class='ocrx_word' id='word_1_249' title='bbox 826 4317 872 4367; x_wconf 86' lang='lat' dir='ltr'>des</span> <span class='ocrx_word' id='word_1_250' title='bbox 890 4319 986 4369; x_wconf 86' lang='lat' dir='ltr'>letzteu</span> <span class='ocrx_word' id='word_1_251' title='bbox 1004 4320 1139 4370; x_wconf 80' lang='lat' dir='ltr'>desselben</span> <span class='ocrx_word' id='word_1_252' title='bbox 1158 4322 1201 4368; x_wconf 84' lang='lat' dir='ltr'>oin</span> <span class='ocrx_word' id='word_1_253' title='bbox 1219 4319 1318 4370; x_wconf 81' lang='lat' dir='ltr'>bloissn</span> 
     </span>
     <span class='ocr_line' id='line_1_40' title="bbox 142 4386 558 4451; baseline 0.002 -15"><span class='ocrx_word' id='word_1_254' title='bbox 142 4386 321 4451; x_wconf 75' lang='lat' dir='ltr'>Synonynrnrn</span> <span class='ocrx_word' id='word_1_255' title='bbox 341 4386 383 4435; x_wconf 83' lang='lat' dir='ltr'>mr</span> <span class='ocrx_word' id='word_1_256' title='bbox 400 4386 558 4451; x_wconf 80' lang='lat' dir='ltr'>Margarota</span> 
     </span>
    </p>
   </div>
   <div class='ocr_carea' id='block_1_14' title="bbox 0 0 1473 4868">
    <p class='ocr_par' dir='ltr' id='par_1_14' title="bbox 0 0 1473 4868">
     <span class='ocr_line' id='line_1_41' title="bbox 0 0 1473 4868; baseline 0 0"><span class='ocrx_word' id='word_1_257' title='bbox 0 0 1473 4868; x_wconf 95' lang='lat' dir='ltr'> </span> 
     </span>
    </p>
   </div>
  </div>
 </body>
</html>
