2918 4868
643 291 854 355 -7g-

163 467 191 525 5.
215 464 295 522 Haec
317 469 361 521 est
381 464 477 524 Maria
497 465 585 539 regia,
776 471 805 527 6.
829 467 904 524 Laus
928 482 995 541 ergo
1017 466 1056 524 sit
1076 466 1212 539 ingenito,

215 549 397 608 Feminarum
420 551 566 622 primaria,
833 552 910 610 Laus
932 553 994 624 ejus
1015 550 1161 623 unigenito

215 634 302 693 Velut
322 651 433 707 gemma
456 636 615 695 clarissima
829 638 900 697 Cum
923 637 1026 709 spiritu
1049 637 1189 709 paraclito

215 719 300 779 Clare
322 717 434 794 fulgens
457 722 633 794 producitur.
830 724 887 781 Pro
908 724 1010 781 Annae
1033 720 1094 779 fetu
1115 722 1223 783 inclito.

229 838 305 887 Brev.
329 855 376 887 ms.
395 839 554 903 Hispalense
576 854 644 888 saec
673 836 711 888 15.
730 839 793 890 coa.
812 841 923 890 Parisin.
950 835 1048 890 13234.
1066 840 1097 888 Α.
1119 866 1150 873 -
1170 840 1246 889 Brev.
1264 840 1339 889 Com-

161 906 338 969 postellanum
362 909 416 972 imp
445 907 621 957 salmanticae
641 905 712 958 1569.
733 909 762 958 B.
781 934 815 943 —
835 905 856 970 l,
878 906 889 957 l
910 910 993 969 Quem
1011 909 1065 957 AB.
1088 936 1120 943 —
1146 905 1167 966 1,
1191 904 1340 957 3Excelsa

161 974 192 1022 B.
213 1003 246 1011 -
264 971 288 1031 3,
307 972 323 1023 2
342 977 416 1024 utin
428 975 533 1026 saeculo
546 977 575 1024 B.
594 1002 628 1011 -
647 971 671 1035 3,
690 972 784 1026 3febit
796 979 854 1026 eine
867 976 952 1038 Silbe3
971 977 1083 1040 ergiiuae
1095 992 1143 1041 pro
1155 975 1205 1026 hoc
1216 976 1339 1027 saeculo?

106 1089 109 1097 .
163 1071 195 1078 -
215 1039 240 1103 3,
257 1040 275 1093 4
292 1045 409 1108 concipit
425 1046 456 1094 A.
474 1071 507 1078 -
526 1041 550 1108 5,
568 1041 585 1093 2
602 1046 720 1108 primitia
736 1046 767 1094 B.
784 1069 818 1080 —
835 1042 860 1105 5,
880 1041 896 1095 3
913 1060 1017 1111 gemma
1034 1046 1161 1110 primaria
1178 1044 1209 1094 Α.

584 1292 639 1352 loa.
670 1294 708 1350 lio
727 1295 825 1351 saneta
843 1294 931 1352 Anna.

633 1415 677 1469 Ad
694 1415 866 1470 Noctmnum.

411 1540 439 1598 1.
463 1540 547 1597 Nune
569 1541 733 1599 sacerdotes
755 1541 850 1599 medio
872 1541 925 1599 sub
946 1542 1058 1614 umbra,

464 1624 556 1701 Anna,
581 1633 754 1699 consurgunt
776 1626 829 1684 tibi
852 1627 1043 1699 concinentes,

464 1710 553 1770 Gesta
575 1711 712 1768 virtutum
735 1710 864 1770 referunt
884 1718 997 1772 tuarum

507 1797 625 1857 Cantica
645 1797 770 1857 landum.
949 1798 951 1802 ’

409 1935 438 1990 2.
462 1931 582 2006 Conjugi
605 1937 683 1990 casto
704 1932 891 2006 inachimque
911 1940 1002 2006 nupta

464 2017 551 2075 Lucri
571 2018 688 2089 partiris
711 2017 785 2076 bona
808 2025 910 2076 cuncta
932 2020 1057 2096 templis,

463 2103 586 2176 Pauperi
611 2103 713 2161 turbae
736 2104 832 2163 domui
854 2110 984 2177 tuaeque,

504 2187 624 2248 Femina
646 2189 782 2261 prudens.

411 2327 440 2385 3.
463 2325 562 2398 Nupta
583 2340 669 2397 agens
690 2341 779 2382 annos
801 2325 914 2382 steriles
937 2325 1048 2398 viginti,

464 2411 591 2470 coelitus
613 2411 729 2468 tandem
751 2409 877 2469 sobolem
901 2417 1041 2483 receptae,

463 2496 541 2566 Quae
564 2496 655 2553 Deum
678 2495 749 2553 coeli
773 2495 974 2568 dominumque
995 2502 1090 2554 terrae

505 2580 549 2639 Sit
570 2580 709 2652 paritura.

409 2718 437 2775 4.
462 2715 506 2772 Tu
529 2715 597 2772 viris
619 2715 728 2773 nubens
750 2717 815 2774 aliie
838 2716 948 2774 duobus

462 2801 515 2857 His
539 2801 609 2857 dnus
633 2801 723 2874 gignis
746 2803 818 2859 alius
840 2802 961 2879 puellus,

461 2884 551 2942 Filios
573 2902 645 2957 quae
667 2886 757 2945 edunt
777 2887 892 2946 Domini
914 2888 1059 2946 ministros

503 2970 732 3044 Discipulosque.

410 3110 438 3166 5.
462 3106 517 3176 Qui
536 3111 657 3179 pontem
679 3106 771 3164 trinus
792 3112 875 3178 pater
896 3112 995 3179 estque
1017 3113 1111 3181 natus,

462 3191 586 3264 Spiritus
608 3198 733 3262 sanctus,
756 3192 834 3250 Deus
856 3198 900 3250 est
922 3197 949 3249 et
973 3208 1055 3265 unus,

461 3277 495 3334 In
517 3278 573 3335 tuis
599 3276 680 3335 iestis
703 3284 860 3353 resonetur,
883 3278 976 3347 Anna,

501 3364 578 3420 Voce
600 3362 689 3424 fideli.

231 3481 307 3530 Brev.
326 3481 352 3530 S.
373 3480 507 3531 Benedicti
523 3480 697 3529 Vaiisoletani
717 3481 779 3544 imp.
792 3480 933 3529 Vaiiuoieti
953 3477 1025 3530 1538.
1043 3480 1074 3531 Α.
1092 3507 1127 3516 -
1140 3482 1215 3529 Brev.
1229 3479 1338 3533 Caesar-

162 3552 337 3613 augustanum
362 3550 423 3614 imp.
442 3550 668 3612 Caesaraugustae
695 3546 766 3598 1544.
786 3549 815 3598 B.
834 3573 866 3582 -
885 3549 924 3598 Ad
943 3551 1023 3614 Vesp.
1047 3553 1074 3598 ct
1092 3548 1198 3598 Laudes
1222 3548 1268 3598 der
1286 3549 1338 3597 alte

162 3617 296 3682 Hymnus:
315 3617 394 3668 Orbis
412 3617 546 3667 exsultans
565 3616 684 3667 celebret

546 3865 601 3925 104.
630 3866 670 3923 lie
689 3868 786 3923 sancto
804 3865 951 3923 Antonino.

654 3987 696 4040 Ad
714 3988 853 4056 Vesperas.

409 4115 437 4174 1.
460 4112 543 4171 Cives
565 4113 692 4170 aetherei
713 4112 856 4183 laudibus,
879 4112 986 4183 inclite,

462 4198 590 4270 Pangent
611 4204 690 4270 gesta
713 4198 754 4255 tui
774 4197 893 4255 coelitus
916 4198 1027 4269 ordine,

459 4283 603 4343 Antonine
624 4288 716 4356 pater,
740 4299 791 4340 nos
813 4281 866 4339 tibi
889 4282 1014 4353 psallere

503 4368 646 4429 Debemus
667 4369 752 4428 modo
775 4367 905 4427 dulciter.
