2918 4868
625 235 856 299 —161—

163 404 191 465 2.
215 404 315 464 Proles
338 406 460 480 egregio,
781 413 809 472 5.
832 409 928 470 Multa
948 428 1061 472 sorores

258 489 365 550 Nunilo
387 507 469 551 soror
491 498 519 551 et
542 493 669 567 illudis,
832 495 960 556 Verbera
982 503 1099 557 sunctae

215 576 289 635 Osco
312 592 363 635 een
385 579 487 637 stellae
830 581 1028 656 Despicientes

256 663 417 722 miencmnt
436 664 509 723 urbc
530 665 653 738 puellae,
829 666 935 726 Dicere
956 669 1100 730 Christum

152 747 185 806 V.
214 747 259 805 De
280 755 364 820 patre
385 750 485 823 gentili
830 752 896 812 Non
918 754 1048 831 timuere,

257 839 286 891 et
308 833 415 893 Christi
436 842 528 894 matre
549 834 638 895 fideli.
830 840 913 912 Quod
935 840 1013 899 Deus
1035 847 1119 904 esset.

778 979 806 1038 6.
830 975 1029 1050 Martyrizatis

830 1062 925 1122 Olviat
947 1068 1008 1121 tota

342 1125 518 1191 Antiphontis.
828 1147 915 1207 Curia
936 1148 1018 1216 0005,

162 1229 190 1289 1.
214 1229 396 1302 virginitatis
830 1231 954 1306 Suscipit
976 1234 1042 1293 illas

212 1317 377 1388 Purpureus
394 1313 446 1374 llos
830 1318 968 1377 Dulcibus
990 1318 1111 1392 hymnis.

211 1400 316 1474 Fulget
337 1401 367 1459 in
390 1400 453 1459 istis

212 1488 339 1559 Corpore
362 1491 450 1558 casto,

210 1573 288 1645 nge
309 1572 480 1631 interierunt
882 1558 924 1616 1ss
948 1560 976 1619 3.
997 1557 1207 1623 NOGUU'BO.

212 1658 354 1731 Sanguine
378 1654 441 1716 fuso
957 1693 998 1744 Ad
1017 1692 1135 1746 cmm

159 1763 189 1819 2.
213 1760 281 1819 Sors
304 1767 353 1819 tna
376 1757 456 1837 felix,
992 1816 999 1829 .

211 1845 317 1904 sancta
339 1846 455 1919 Nunilo,
763 1816 800 1879 Α.
821 1816 930 1876 Ambsss
952 1816 1069 1890 quidam
1087 1822 1221 1890 apofliiiiss

827 1902 945 1961 Sorores
968 1901 1167 1960 devotissimas

826 1987 1041 2046 Exhortabatur
1062 1988 1193 2060 maxime,

827 2073 933 2134 Christi
956 2072 1041 2131 tidem
1065 2073 1207 2145 deserere,

824 2158 876 2218 Cui
899 2157 1046 2231 respondit
1069 2158 1174 2218 maior:

826 2244 857 2303 Si
878 2261 1002 2317 unquam
1024 2244 1097 2302 mori
1118 2251 1227 2322 potero,

825 2330 905 2389 Malo
927 2329 999 2389 mon'
1021 2345 1074 2402 pro
1096 2329 1227 2391 Domino.

271 1007 311 1065 ln
333 1008 363 1067 2.
387 1005 597 1067 Nocturno.

213 1934 308 2003 Atque
329 1931 437 1989 sororis

209 2016 336 2076 Credere
357 2016 481 2089 Christo,

212 2101 288 2160 Hinc
310 2103 440 2161 mernisti

210 2187 356 2246 Scandere
378 2189 481 2251 coelos.

155 2293 183 2352 3.
207 2288 329 2348 Nomine
350 2291 457 2352 Christi

209 2376 353 2450 Sanguine
375 2376 439 2436 fuso

208 2464 316 2522 Terrea
338 2463 447 2536 sprevit

209 2548 329 2606 necere
350 2548 432 2608 firmo
907 2571 949 2629 ln
970 2569 1171 2632 cassinus.

209 2636 338 2707 Utroque
359 2641 479 2710 martyr,

208 2721 338 2792 Utraque
360 2721 449 2795 virgo.

153 2825 182 2882 4.
203 2822 315 2881 Judiois
337 2825 390 2895 ira,
762 2830 797 2887 A.
822 2829 845 2889 0
869 2826 993 2900 virgines
1015 2827 1156 2901 egregiae,

208 2908 283 2968 Dum
306 2910 479 2982 lacerantur,
823 2913 930 2973 Christi
953 2912 1040 2972 decus
1063 2912 1193 2984 militiae,

207 2995 272 3054 Non
294 2996 371 3053 valet
395 2996 463 3064 nlla,
823 3001 926 3059 Vestro
947 2996 1030 3057 nobis
1052 2999 1190 3071 martyrio

206 3081 250 3139 Ne
272 3087 448 3158 meveantur,
824 3084 978 3158 Culparum
1000 3084 1039 3141 sit
1062 3084 1199 3162 remissio,

203 3165 332 3224 Roborut
353 3166 419 3225 illus
822 3171 879 3229 Per
900 3186 950 3227 vos
971 3186 1022 3229 nos
1045 3169 1152 3229 Christi
1173 3170 1267 3243 gratia

205 3250 329 3323 Spiritus
351 3251 449 3310 almus.
823 3255 967 3314 Perduoot
988 3255 1026 3313 ad
1049 3255 1193 3314 eoelestia.

926 2704 967 2755 ad
989 2704 1156 2756 Benedictus.

209 3371 285 3418 llrov.
313 3386 359 3418 ins.
387 3371 547 3421 l'innatenso
573 3387 641 3422 sacre.
671 3369 710 3423 14.
738 3376 774 3423 in.
804 3372 867 3423 cod.
892 3372 1035 3423 Scorialon.
1059 3388 1077 3438 g
1101 3373 1139 3422 iv
1160 3369 1202 3423 29.
1230 3398 1261 3408 ·-
1287 3374 1324 3423 In

143 3434 165 3485 1.
184 3438 258 3486 Noet
279 3433 299 3486 Α
322 3434 351 3497 zi,
375 3436 392 3487 3
410 3439 511 3504 lippum
529 3454 594 3503 paee
613 3443 661 3491 lls.
686 3470 718 3478 -—
740 3443 770 3491 ln
789 3436 808 3489 R
827 3440 857 3501 2,
880 3438 962 3491 ilseu
980 3442 1081 3493 stellae.
1098 3468 1133 3478 —
1150 3442 1181 3491 In
1199 3438 1224 3491 2.
1244 3443 1320 3493 Noct.

141 3500 161 3553 Α
182 3502 244 3566 1,5
269 3508 343 3568 Quae
364 3508 506 3557 intulerunt
531 3533 561 3542 -
587 3510 646 3560 Allo
671 3510 809 3561 ielnlenden
827 3509 901 3561 Teilc
925 3510 971 3560 des
989 3510 1124 3561 Officiums
1150 3510 1210 3561 sind
1227 3512 1256 3561 in
1274 3527 1320 3561 un-

140 3574 308 3639 gebnndcncr
328 3575 399 3626 lledc
416 3577 595 3642 gesehricben.

550 3847 593 3903 oo.
630 3846 669 3904 lle
690 3848 787 3904 saneto
805 3845 905 3905 (idone.

260 4021 300 4079 ¹¹¹
326 4023 351 4085 Ῑ·
380 4022 574 4095 Vesceria.
819 4025 952 4084 Divinam
974 4025 1094 4098 prolem,

315 4141 355 4190 ,td
375 4141 536 4205 Mssgffififflg
862 4118 958 4168 iratum
982 4111 1018 4169 de
1039 4110 1136 4168 sidere
1158 4109 1256 4181 solem,

137 4246 173 4303 Α,
198 4245 270 4317 opo,
293 4252 391 4304 ,ampo
413 4254 505 4321 pam,
819 4195 910 4254 Nobis
931 4195 1051 4255 concilio

245 4331 290 4391 cui
313 4332 426 4405 pilaudit
449 4335 526 4408 regia
548 4340 648 4405 nnater,

189 4440 301 4488 pravos,
315 4438 436 4491 nysaeus·
447 4439 555 4483 armna.
576 4440 604 4481 11.
1136 4428 1165 4480 ll

863 4283 957 4342 media
978 4281 1116 4357 genitrice
1137 4279 1241 4341 Maria.
