2918 4868
604 259 834 324 -188-

382 439 411 497 8.
435 435 535 494 Gloria
556 434 627 506 Deo,
649 433 711 506 regi
734 430 937 507 confessorum,

436 520 571 580 Patriae
593 525 660 578 nato
682 516 846 591 flaminique
868 525 976 590 sancto,

435 606 490 677 Qui
512 603 615 663 fortem
639 605 728 663 donat
749 603 833 663 Justo
855 603 884 661 in
908 602 1054 662 custodem

478 692 512 751 Iu
533 690 598 750 Vici
620 690 731 751 turmis.

205 828 282 877 Brev.
295 828 408 878 Vicense
421 828 482 890 imp.
495 825 619 891 Lugduni
634 822 707 875 1557.
721 852 754 861 -
766 821 790 885 5,
808 820 864 875 2et
879 823 955 874 infra.
965 849 998 858 -
1007 819 1032 880 6,
1053 818 1065 871 1
1079 822 1132 883 Qui
1145 824 1272 870 nostrum.
1282 844 1316 855 -

137 894 162 957 6,
180 892 197 946 2
214 896 289 957 Quae
307 901 406 945 nostro.
424 921 458 930 -
476 892 501 956 6,
518 890 535 944 3
552 908 585 945 ex
602 896 699 944 anima

550 1160 611 1219 322.
646 1160 685 1219 Do
697 1159 897 1218 sonatoimto.

610 1301 654 1355 Ad
671 1300 843 1356 Nocturnum.

393 1445 421 1505 1.
444 1444 543 1501 Celsus
567 1445 596 1501 in
617 1444 704 1502 astris
730 1443 813 1502 micat
838 1450 867 1501 et
889 1441 1012 1516 refulget

443 1528 543 1587 Justus
565 1536 594 1587 et
615 1530 732 1587 nimium
755 1529 872 1586 excellit
894 1529 1057 1597 eandorem,

442 1615 487 1672 Ae
510 1614 617 1674 Phoebi
640 1613 734 1672 lumen
758 1614 913 1686 adaequari
937 1613 1035 1686 nequit

483 1699 637 1774 Splendori
660 1717 721 1763 suo.

388 1856 417 1913 2.
440 1853 575 1911 Aeternis
597 1852 690 1911 turbis
711 1853 836 1910 sociatus
857 1868 988 1925 prosper,
1084 1880 1086 1884 v

439 1938 553 1997 Gaudet
575 1954 638 1996 eum
661 1938 744 1997 laetis
766 1939 895 1996 nesciens
918 1953 1085 2010 moerorem,

443 2025 558 2082 Partem
584 2040 639 2082 non
663 2024 757 2082 renuit
780 2024 907 2084 tribuere
930 2024 1012 2082 nobis

484 2110 628 2169 Bonorum
649 2110 704 2170 sui.

390 2265 419 2325 3.
441 2263 619 2321 Moesiorum
642 2276 726 2321 voees
749 2261 908 2320 recondens
926 2261 955 2319 in
978 2261 1042 2319 sinu

443 2348 564 2406 Suorum
588 2348 728 2406 viseerum
751 2347 829 2405 illico
852 2347 1038 2417 demonstrat,

443 2433 480 2493 Sc
503 2431 565 2491 fore
590 2433 691 2491 ducem
714 2432 857 2490 concionis
880 2437 995 2490 nostrae

486 2520 630 2592 Dignanto
651 2518 736 2577 celso.

393 2676 422 2733 4.
447 2673 523 2732 Luus
543 2672 606 2731 Deo
628 2672 705 2746 patri
728 2671 905 2730 condonetur
926 2672 1027 2742 omnis,

447 2757 541 2816 Verbo
562 2765 680 2816 aeterno
701 2757 778 2816 salus
802 2757 830 2815 in
854 2757 1020 2814 immensum

445 2845 490 2902 Ao
513 2844 680 2916 procedenti
700 2843 791 2902 honor
813 2843 973 2914 coaequalis

489 2930 657 2989 Praestetor
673 2944 795 3001 semper.

216 3067 291 3114 Broc.
311 3066 424 3114 Vioense
442 3066 504 3128 imp.
523 3063 646 3128 Lugduni
666 3059 739 3113 1557.

556 3331 617 3388 323.
653 3331 692 3387 lio
710 3333 806 3388 saneto
826 3331 918 3389 trono.

634 3469 678 3523 Ad
697 3468 836 3538 vesperas.
879 3495 888 3515 ·

154 3619 180 3677 1.
208 3614 331 3674 Plaudet
353 3620 444 3672 mator
466 3615 588 3671 ecclesia
666 3630 668 3635 ’
762 3617 790 3675 3.
812 3614 1022 3687 Oppressorum
1045 3616 1184 3673 sollicitus

205 3701 309 3775 Corde,
332 3707 398 3758 voto
421 3706 450 3756 et
472 3699 600 3773 vocibus,
816 3703 872 3761 Hic
893 3708 937 3759 est
960 3700 1097 3759 defensor
1118 3716 1287 3773 paupomm,

203 3785 250 3844 Ad
274 3786 370 3844 ironis
394 3785 548 3858 praeconio
817 3788 977 3845 Instructus
998 3804 1016 3845 a
1038 3792 1067 3843 te
1090 3786 1218 3856 coelitus,

201 3871 387 3930 Exsuitot
416 3871 562 3929 coelum
585 3871 711 3931 leudi·
817 3872 1009 3931 Conditor
1031 3871 1325 3934 almesidcrum.

511 3956 588 4018 bus.

151 4097 179 4154 2.
203 4096 290 4166 Quem
313 4094 418 4159 nostris
440 4094 469 4151 in
492 4095 668 4167 temporibus
764 4098 794 4156 4.
817 4095 896 4166 Pius,
919 4094 1046 4167 prudens
1069 4100 1097 4151 ot
1119 4094 1243 4164 humilis,

204 4180 361 4238 Generavit
382 4179 543 4252 Britannia,
818 4180 929 4257 Castus,
953 4181 1083 4253 pudicus,
1106 4179 1228 4251 sobrius,

205 4266 245 4326 Ut
266 4271 439 4323 monstraret
462 4265 608 4324 erroribus
819 4265 909 4324 Nobis
932 4282 1046 4339 semper
1067 4265 1208 4333 amabilis,

205 4351 324 4408 Beata
346 4351 457 4409 nobis
480 4352 627 4421 gaudia,
820 4351 910 4409 Alos
933 4352 1010 4409 dici
1036 4353 1207 4410 trontius.
